Account,On/Off,Address,Region,City,State,Name Zip,Memo,Month,Btl / Keg Qty,750 Ml Equiv,9L CS Equiv,9L CS Equiv,Purchase Price,Total Sales
1310 Kitchen & Bar,on,1310 Wisconsin Ave NW,DC,Washington,DC,20007,Early Mountain Vineyards Shenandoah Valley Cabernet Franc 2018,12/3/2019,16,16,1.33,,,
2941,on,2941 Fairview Park Dr,NoVA,Falls Church,VA,22042,Early Mountain Vineyards Shenandoah Valley Cabernet Franc 2018,12/17/2019,6,6,0.5,,,
313 Franklin,on ,313 Franklin Street,Valley/Western,South Hill,VA,23970,Early Mountain Vineyards Shenandoah Valley Cabernet Franc 2018,2/20/2020,12,12,1,,,
313 Franklin,on ,313 Franklin Street,Valley/Western,South Hill,VA,23970,Early Mountain Vineyards Virginia Chardonnay 2017,2/20/2020,12,12,1,,,
313 Franklin,on ,313 Franklin Street,Valley/Western,South Hill,VA,23970,Early Mountain Vineyards Virginia Petit Manseng 2018,2/20/2020,12,12,1,,,
313 Franklin,on ,313 Franklin Street,Valley/Western,South Hill,VA,23970,"Early Mountain Vineyards Virginia Red ""Foothills"" 2018",2/20/2020,12,12,1,,,
7 DRAYTON ST HOTEL ,On ,7 Drayton Street,Savannah,Savannah,GA,31401,EARLY MOUNTAIN VINEYARDS FIVE FORKS WHITE BLEND 2018,2019-11,36,36,3,,,
A Pimento Catering,on,1304-C E Market St.,Charlottesville,Charlottesville,VA,22902,"Early Mountain Vineyards Virginia White ""Five Forks"" 2018",10/9/2019,48,48,4,,,
A Rake's Progress,on,A Rake's Progress,DC,Washington,DC,20009,Early Mountain Vineyards Shenandoah Valley Cabernet Franc 2017,11/7/2019,36,36,3,,,
A Rake's Progress,on,A Rake's Progress,DC,Washington,DC,20009,Early Mountain Vineyards Shenandoah Valley Cabernet Franc 2018,12/5/2019,25,25,2.08,,,
A Rake's Progress,on,A Rake's Progress,DC,Washington,DC,20009,Early Mountain Vineyards Shenandoah Valley Cabernet Franc 2018,1/10/2020,36,36,3,,,
A Rake's Progress,on,A Rake's Progress,DC,Washington,DC,20009,Early Mountain Vineyards Shenandoah Valley Cabernet Franc 2018,2/11/2020,36,36,3,,,
Acacia - Midtown,On,2601 West Cary St.,Richmond,Richmond,VA,23220,"Early Mountain Vineyards Virginia Red ""Eluvium"" 2016",11/20/2019,6,6,0.5,,,
Acacia - Midtown,On,2601 West Cary St.,Richmond,Richmond,VA,23220,Early Mountain Vineyards Virginia Chardonnay 2017,12/4/2019,3,3,0.25,,,
Acacia - Midtown,On,2601 West Cary St.,Richmond,Richmond,VA,23220,"Early Mountain Vineyards Virginia Red ""Eluvium"" 2016",12/4/2019,3,3,0.25,,,
Ace Beverage,off,3301 New Mexico Ave NW,DC,Washington,DC,20016,"Early Mountain Vineyards Virginia Red ""Foothills"" 2017",10/10/2019,36,36,3,12,432,
Ace Beverage,off,3301 New Mexico Ave NW,DC,Washington,DC,20016,Early Mountain Vineyards Virginia Chardonnay 2017,11/7/2019,36,36,3,,,
Alewife,on,3120 E Marshall St.,Richmond,Richmond,VA,23223-7437,Early Mountain Vineyards Virginia PÃ©tillant Naturel Red 2018,10/4/2019,6,6,0.5,16.67,100,
Alewife,on,3120 E Marshall St.,Richmond,Richmond,VA,23223-7437,"Early Mountain Vineyards Virginia ""Young Wine"" Chambourcin 2018",11/13/2019,4,4,0.33,,,
Alewife,on,3120 E Marshall St.,Richmond,Richmond,VA,23223-7437,"Early Mountain Vineyards Virginia ""Young Wine"" Chambourcin 2018",1/31/2020,4,4,0.33,,,
Alewife,on,3120 E Marshall St.,Richmond,Richmond,VA,23223-7437,"Early Mountain Vineyards Virginia ""Young Wine"" Chambourcin 2018",2/12/2020,4,4,0.33,,,
Alewife,on,3120 E Marshall St.,Richmond,Richmond,VA,23223-7437,"Early Mountain Vineyards Virginia ""Young Wine"" Chambourcin 2018",2/14/2020,4,4,0.33,,,
Alewife,on,3120 E Marshall St.,Richmond,Richmond,VA,23223-7437,"Early Mountain Vineyards Virginia ""Young Wine"" Chambourcin 2018",3/6/2020,3,3,0.25,$12.00 ,$36.00 ,
All Purpose Pizzeria,on,1250 9th St. NW,DC,Washington,DC,20001,Early Mountain Vineyards Shenandoah Valley Cabernet Franc 2017,11/5/2019,12,12,1,,,
Alley Light,on,108 2nd St. SW,Charlottesville,Charlottesville,VA,22902,Early Mountain Vineyards Shenandoah Valley Cabernet Franc 2017,10/11/2019,12,12,1,15,180,
Alley Light,on,108 2nd St. SW,Charlottesville,Charlottesville,VA,22902,Early Mountain Vineyards Shenandoah Valley Cabernet Franc 2017,11/8/2019,12,12,1,,,
Alley Light,on,108 2nd St. SW,Charlottesville,Charlottesville,VA,22902,Early Mountain Vineyards Shenandoah Valley Cabernet Franc 2017,11/20/2019,12,12,1,,,
Alley Light,on,108 2nd St. SW,Charlottesville,Charlottesville,VA,22902,"Early Mountain Vineyards Virginia Red ""Rise"" 2015 (3-pack)",11/22/2019,3,3,0.25,,,
Alley Light,on,108 2nd St. SW,Charlottesville,Charlottesville,VA,22902,Early Mountain Vineyards Shenandoah Valley Cabernet Franc 2018,12/6/2019,12,12,1,,,
Alley Light,on,108 2nd St. SW,Charlottesville,Charlottesville,VA,22902,Early Mountain Vineyards Shenandoah Valley Cabernet Franc 2018,1/29/2020,12,12,1,,,
Alley Light,on,108 2nd St. SW,Charlottesville,Charlottesville,VA,22902,Early Mountain Vineyards Shenandoah Valley Cabernet Franc 2018,2/7/2020,12,12,1,,,
Alley Light,on,108 2nd St. SW,Charlottesville,Charlottesville,VA,22902,Early Mountain Vineyards Shenandoah Valley Cabernet Franc 2018,2/21/2020,12,12,1,,,
Aloi,on,3103 W Leigh Street,Richmond,Richmond,VA,23230,Early Mountain Vineyards Shenandoah Valley Cabernet Franc 2017,10/4/2019,12,12,1,15,180,
Amber Ox Kitchen & Brewery,on,521 Prince George St.,Tidewater,Williamsburg,VA,23185,Early Mountain Vineyards Virginia Chardonnay 2017,10/2/2019,12,12,1,15,180,
Amber Ox Kitchen & Brewery,on,521 Prince George St.,Tidewater,Williamsburg,VA,23185,"Early Mountain Vineyards Virginia White ""Five Forks"" 2018",10/2/2019,12,12,1,,,
Amber Ox Kitchen & Brewery,on,521 Prince George St.,Tidewater,Williamsburg,VA,23185,Early Mountain Vineyards Virginia Chardonnay 2017,10/9/2019,12,12,1,15,180,
Amber Ox Kitchen & Brewery,on,521 Prince George St.,Tidewater,Williamsburg,VA,23185,"Early Mountain Vineyards Virginia Red ""Foothills"" 2017",10/16/2019,12,12,1,12,144,
Amber Ox Kitchen & Brewery,on,521 Prince George St.,Tidewater,Williamsburg,VA,23185,"Early Mountain Vineyards Virginia White ""Five Forks"" 2018",10/16/2019,12,12,1,,,
Amber Ox Kitchen & Brewery,on,521 Prince George St.,Tidewater,Williamsburg,VA,23185,Early Mountain Vineyards Virginia Chardonnay 2017,10/23/2019,12,12,1,,,
Amber Ox Kitchen & Brewery,on,521 Prince George St.,Tidewater,Williamsburg,VA,23185,"Early Mountain Vineyards Virginia Red ""Foothills"" 2017",10/23/2019,12,12,1,,,
Amber Ox Kitchen & Brewery,on,521 Prince George St.,Tidewater,Williamsburg,VA,23185,"Early Mountain Vineyards Virginia White ""Five Forks"" 2018",10/30/2019,12,12,1,,,
Amber Ox Kitchen & Brewery,on,521 Prince George St.,Tidewater,Williamsburg,VA,23185,Early Mountain Vineyards Virginia Chardonnay 2017,11/6/2019,12,12,1,,,
Amber Ox Kitchen & Brewery,on,521 Prince George St.,Tidewater,Williamsburg,VA,23185,"Early Mountain Vineyards Virginia White ""Five Forks"" 2018",11/6/2019,24,24,2,,,
Amber Ox Kitchen & Brewery,on,521 Prince George St.,Tidewater,Williamsburg,VA,23185,Early Mountain Vineyards Virginia Chardonnay 2017,11/13/2019,12,12,1,,,
Amber Ox Kitchen & Brewery,on,521 Prince George St.,Tidewater,Williamsburg,VA,23185,"Early Mountain Vineyards Virginia Red ""Foothills"" 2017",11/20/2019,12,12,1,,,
Amber Ox Kitchen & Brewery,on,521 Prince George St.,Tidewater,Williamsburg,VA,23185,Early Mountain Vineyards Virginia Chardonnay 2017,11/22/2019,12,12,1,,,
Amber Ox Kitchen & Brewery,on,521 Prince George St.,Tidewater,Williamsburg,VA,23185,"Early Mountain Vineyards Virginia Red ""Foothills"" 2017",11/27/2019,12,12,1,,,
Amber Ox Kitchen & Brewery,on,521 Prince George St.,Tidewater,Williamsburg,VA,23185,Early Mountain Vineyards Virginia Chardonnay 2017,12/4/2019,12,12,1,,,
Amber Ox Kitchen & Brewery,on,521 Prince George St.,Tidewater,Williamsburg,VA,23185,"Early Mountain Vineyards Virginia Red ""Foothills"" 2017",12/11/2019,12,12,1,,,
Amber Ox Kitchen & Brewery,on,521 Prince George St.,Tidewater,Williamsburg,VA,23185,Early Mountain Vineyards Virginia Chardonnay 2017,12/18/2019,12,12,1,,,
Amber Ox Kitchen & Brewery,on,521 Prince George St.,Tidewater,Williamsburg,VA,23185,"Early Mountain Vineyards Virginia Red ""Foothills"" 2017",12/18/2019,18,18,1.5,,,
Amber Ox Kitchen & Brewery,on,521 Prince George St.,Tidewater,Williamsburg,VA,23185,Early Mountain Vineyards Virginia Chardonnay 2017,12/27/2019,12,12,1,,,
Amber Ox Kitchen & Brewery,on,521 Prince George St.,Tidewater,Williamsburg,VA,23185,"Early Mountain Vineyards Virginia Red ""Foothills"" 2017",12/27/2019,12,12,1,,,
Amber Ox Kitchen & Brewery,on,521 Prince George St.,Tidewater,Williamsburg,VA,23185,Early Mountain Vineyards Virginia Chardonnay 2017,1/8/2020,12,12,1,,,
Amber Ox Kitchen & Brewery,on,521 Prince George St.,Tidewater,Williamsburg,VA,23185,"Early Mountain Vineyards Virginia Red ""Foothills"" 2017",1/8/2020,12,12,1,,,
Amber Ox Kitchen & Brewery,on,521 Prince George St.,Tidewater,Williamsburg,VA,23185,Early Mountain Vineyards Virginia Chardonnay 2017,1/22/2020,12,12,1,,,
Amber Ox Kitchen & Brewery,on,521 Prince George St.,Tidewater,Williamsburg,VA,23185,"Early Mountain Vineyards Virginia Red ""Foothills"" 2017",1/29/2020,12,12,1,,,
Amber Ox Kitchen & Brewery,on,521 Prince George St.,Tidewater,Williamsburg,VA,23185,Early Mountain Vineyards Virginia Chardonnay 2017,2/12/2020,12,12,1,,,
Amber Ox Kitchen & Brewery,on,521 Prince George St.,Tidewater,Williamsburg,VA,23185,Early Mountain Vineyards Virginia Chardonnay 2017,2/19/2020,12,12,1,,,
Amber Ox Kitchen & Brewery,on,521 Prince George St.,Tidewater,Williamsburg,VA,23185,"Early Mountain Vineyards Virginia Red ""Foothills"" 2018",2/19/2020,12,12,1,,,
Amber Ox Kitchen & Brewery,on,521 Prince George St.,Tidewater,Williamsburg,VA,23185,Early Mountain Vineyards Virginia Chardonnay 2018,2/26/2020,6,6,0.5,,,
Amber Ox Kitchen & Brewery,on,521 Prince George St.,Tidewater,Williamsburg,VA,23185,"Early Mountain Vineyards Virginia Red ""Foothills"" 2018",3/4/2020,12,12,1,,,
Amber Ox Kitchen & Brewery,on,521 Prince George St.,Tidewater,Williamsburg,VA,23185,"Early Mountain Vineyards Virginia Red ""Foothills"" 2018",3/11/2020,12,12,1,,,
And Sons NYC,on,285 West Broadway #330,NY,Brooklyn,NY,10013,Early Mountain Vineyards Virginia Petit Manseng 2018,3/5/2020,48,48,4,$15.00 ,$720.00 ,
Arrowine,off,4508 Lee Hwy,NoVA,Arlington,VA,22207,Early Mountain Vineyards Virginia RosÃ© 2018,10/4/2019,36,36,3,,,
Arrowine,off,4508 Lee Hwy,NoVA,Arlington,VA,22207,Early Mountain Vineyards Shenandoah Valley Cabernet Franc 2017,10/25/2019,36,36,3,,,
Arrowine,off,4508 Lee Hwy,NoVA,Arlington,VA,22207,"Early Mountain Vineyards Virginia White ""Five Forks"" 2018",11/19/2019,36,36,3,,,
Arrowine,off,4508 Lee Hwy,NoVA,Arlington,VA,22207,Early Mountain Vineyards Virginia Chardonnay 2017,12/13/2019,12,12,1,,,
Arrowine,off,4508 Lee Hwy,NoVa,Arlington,VA,22207,Early Mountain Vineyards Virginia Petit Manseng 2018,1/30/2020,12,12,1,,,
Arrowine,off,4508 Lee Hwy,NoVa,Arlington,VA,22207,"Early Mountain Vineyards Virginia Red ""Foothills"" 2017",1/31/2020,12,12,1,,,
Arrowine,off,4508 Lee Hwy,NoVa,Arlington,VA,22207,Early Mountain Vineyards Shenandoah Valley Cabernet Franc 2018,3/13/2020,24,24,2,$15.00 ,$360.00 ,
Arrowine,off,4508 Lee Hwy,NoVa,Arlington,VA,22207,"Early Mountain Vineyards Virginia ""Young Wine"" Chambourcin 2018",3/13/2020,12,12,1,$12.00 ,$144.00 ,
Arrowine,off,4508 Lee Hwy,NoVa,Arlington,VA,22207,"Early Mountain Vineyards Virginia Red ""Eluvium"" 2017",3/13/2020,12,12,1,$26.67 ,$320.00 ,
Arrowine,off,4508 Lee Hwy,NoVa,Arlington,VA,22207,Early Mountain Vineyards Virginia RosÃ© 2019,3/13/2020,36,36,3,,,
Arrowine,off,4508 Lee Hwy,NoVa,Arlington,VA,22207,Early Mountain Vineyards Virginia RosÃ© 2019,3/26/2020,36,36,3,,,
Ashby Inn,on,692 Federal St,NoVa,Paris,VA,20130,Early Mountain Vineyards Virginia Petit Manseng 2018,2/27/2020,6,6,0.5,,,
Ashby Inn,on,692 Federal St,NoVa,Paris,VA,20130,"Early Mountain Vineyards Virginia Red ""Eluvium"" 2017",2/27/2020,6,6,0.5,,,
Astor Wines & Spirits,off,399 Lafayette St,New York,New York,NY,10003,Early Mountain Vineyards Shenandoah Valley Cabernet Franc 2017,10/28/2019,24,24,2,,,
Astor Wines & Spirits,off,399 Lafayette St,Manhattan,New York,NY,10003,Early Mountain Vineyards Shenandoah Valley Cabernet Franc 2017,1/10/2020,27,27,2.25,,,
Astor Wines & Spirits,off,399 Lafayette St,Manhattan,New York,NY,10003,Early Mountain Vineyards Virginia Petit Manseng 2017,2/5/2020,7,7,0.58,,,
Astor Wines & Spirits,off,399 Lafayette St,Manhattan,New York,NY,10003,"Early Mountain Vineyards Virginia Red ""Eluvium"" 2015",2/5/2020,17,17,1.42,,,
Astor Wines & Spirits,off,399 Lafayette St,NY,Manhattan,NY,10003,Early Mountain Vineyards Shenandoah Valley Cabernet Franc 2018,3/25/2020,36,36,3,$19.00 ,$684.00 ,
Back Bay's Farmhouse Brewing,on,1805 Kempsville Rd,Tidewater,Virginia Beach,VA,23464,Early Mountain Vineyards Virginia RosÃ© 2018,10/2/2019,12,12,1,,,
Back Bay's Farmhouse Brewing,on,1805 Kempsville Rd,Tidewater,Virginia Beach,VA,23464,"Early Mountain Vineyards Virginia White ""Five Forks"" 2018",10/16/2019,36,36,3,,,
Back Bay's Farmhouse Brewing,on,1805 Kempsville Rd,Tidewater,Virginia Beach,VA,23464,"Early Mountain Vineyards Virginia White ""Five Forks"" 2018",10/30/2019,24,24,2,,,
Back Bay's Farmhouse Brewing,on,1805 Kempsville Rd,Tidewater,Virginia Beach,VA,23464,Early Mountain Vineyards Virginia RosÃ© 2019,3/18/2020,24,24,2,,,
Balducci's - Alexandria,Off,600 Franklin St,NoVA,Alexandria,VA,22314,Early Mountain Vineyards Virginia RosÃ© 2018,10/4/2019,12,12,1,,,
Balducci's - Alexandria,Off,600 Franklin St,NoVA,Alexandria,VA,22314,"Early Mountain Vineyards Virginia Red ""Eluvium"" 2016",11/14/2019,12,12,1,,,
Balducci's - Alexandria,Off,600 Franklin St,NoVA,Alexandria,VA,22314,Early Mountain Vineyards Shenandoah Valley Cabernet Franc 2018,12/19/2019,36,36,3,,,
Balducci's - Alexandria,Off,600 Franklin St,NoVA,Alexandria,VA,22314,"Early Mountain Vineyards Virginia ""Young Wine"" Chambourcin 2018",12/19/2019,12,12,1,,,
Balducci's - Alexandria,Off,600 Franklin St,NoVA,Alexandria,VA,22314,Early Mountain Vineyards Virginia Chardonnay 2017,12/19/2019,12,12,1,,,
Balducci's - Alexandria,Off,600 Franklin St,NoVA,Alexandria,VA,22314,"Early Mountain Vineyards Virginia Red ""Rise"" 2015 (3-pack)",12/19/2019,6,6,0.5,,,
Balducci's - Alexandria,Off,600 Franklin St,NoVA,Alexandria,VA,22314,"Early Mountain Vineyards Virginia Red ""Rise"" 2015 (3-pack)",12/19/2019,6,6,0.5,,,
Balducci's - Alexandria,off,600 Franklin St,NoVa,Alexandria,VA,22314,Early Mountain Vineyards Virginia Chardonnay 2018,3/19/2020,36,36,3,$15.00 ,$540.00 ,
Balducci's - Alexandria,off,600 Franklin St,NoVa,Alexandria,VA,22314,Early Mountain Vineyards Virginia RosÃ© 2019,3/19/2020,36,36,3,,,
Barrel Chest,off,4035 Electric Rd. #B,Valley / Western VA,Roanoke,VA,24018,Early Mountain Vineyards Virginia PÃ©tillant Naturel Red 2018,10/9/2019,6,6,0.5,16.67,100,
Barrel Chest,off,4035 Electric Rd. #B,Valley / Western VA,Roanoke,VA,24018,Early Mountain Vineyards Virginia Petit Manseng 2017,10/23/2019,12,12,1,,,
Barrel Chest,off,4035 Electric Rd. #B,Valley / Western VA,Roanoke,VA,24018,Early Mountain Vineyards Virginia Chardonnay 2017,11/25/2019,6,6,0.5,,,
Barrel Chest,off,4035 Electric Rd. #B,Valley/Western,Roanoke,VA,24018,"Early Mountain Vineyards Virginia Red ""Foothills"" 2017",1/15/2020,12,12,1,,,
Barrel Chest,off,4035 Electric Rd. #B,Valley/Western,Roanoke,VA,24018,Early Mountain Vineyards Virginia RosÃ© 2019,3/11/2020,6,6,0.5,,,
Barrel Chest,off,4035 Electric Rd. #B,Valley/Western,Roanoke,VA,24018,Early Mountain Vineyards Virginia Chardonnay 2018,3/25/2020,6,6,0.5,$16.67 ,$100.00 ,
Barrel Thief,On/Off,5805 Patterson Ave,Richmond,Richmond,VA,23226,"Early Mountain Vineyards Virginia Red ""Foothills"" 2017",10/4/2019,12,12,1,13.33,160,
Barrel Thief,On/Off,5805 Patterson Ave,Richmond,Richmond,VA,23226,"Early Mountain Vineyards Virginia White ""Five Forks"" 2018",10/9/2019,24,24,2,,,
Barrel Thief,On/Off,5805 Patterson Ave,Richmond,Richmond,VA,23226,"Early Mountain Vineyards Virginia Red ""Foothills"" 2017",10/30/2019,12,12,1,,,
Barrel Thief,On/Off,5805 Patterson Ave,Richmond,Richmond,VA,23226,"Early Mountain Vineyards Virginia White ""Five Forks"" 2018",10/30/2019,12,12,1,,,
Barrel Thief,On/Off,5805 Patterson Ave,Richmond,Richmond,VA,23226,"Early Mountain Vineyards Virginia Red ""Foothills"" 2017",11/15/2019,6,6,0.5,,,
Barrel Thief,On/Off,5805 Patterson Ave,Richmond,Richmond,VA,23226,"Early Mountain Vineyards Virginia Red ""Foothills"" 2017",11/20/2019,12,12,1,,,
Barrel Thief,On/Off,5805 Patterson Ave,Richmond,Richmond,VA,23226,"Early Mountain Vineyards Virginia Red ""Foothills"" 2017",11/22/2019,12,12,1,,,
Barrel Thief,On/Off,5805 Patterson Ave,Richmond,Richmond,VA,23226,"Early Mountain Vineyards Virginia Red ""Foothills"" 2017",11/27/2019,12,12,1,,,
Barrel Thief,On/Off,5805 Patterson Ave,Richmond,Richmond,VA,23226,"Early Mountain Vineyards Virginia Red ""Foothills"" 2017",12/6/2019,6,6,0.5,,,
Barrel Thief,On/Off,5805 Patterson Ave,Richmond,Richmond,VA,23226,"Early Mountain Vineyards Virginia Red ""Foothills"" 2017",12/11/2019,12,12,1,,,
Barrel Thief,On/Off,5805 Patterson Ave,Richmond,Richmond,VA,23226,Early Mountain Vineyards Virginia Chardonnay 2017,12/27/2019,6,6,0.5,,,
Barrel Thief,On/Off,5805 Patterson Ave,Richmond,Richmond,VA,23226,"Early Mountain Vineyards Virginia Red ""Foothills"" 2017",12/27/2019,12,12,1,,,
Barrel Thief,on/off,5805 Patterson Ave,Richmond,Richmond,VA,23226,"Early Mountain Vineyards Virginia Red ""Foothills"" 2018",2/14/2020,12,12,1,,,
Barrel Thief,on/off,5805 Patterson Ave,Richmond,Richmond,VA,23226,"Early Mountain Vineyards Virginia Red ""Foothills"" 2018",2/28/2020,6,6,0.5,,,
Barrel Thief,on/off,5805 Patterson Ave,Richmond,Richmond,VA,23226,Early Mountain Vineyards Virginia RosÃ© 2019,3/13/2020,12,12,1,,,
Barrel Thief,on/off,5805 Patterson Ave,Richmond,Richmond,VA,23226,Early Mountain Vineyards Virginia RosÃ© 2019,3/18/2020,18,18,1.5,,,
Barrel Thief,on/off,5805 Patterson Ave,Richmond,Richmond,VA,23226,"Early Mountain Vineyards Virginia Red ""Foothills"" 2018",3/25/2020,12,12,1,,,
Barrel Thief,on/off,5805 Patterson Ave,Richmond,Richmond,VA,23226,Early Mountain Vineyards Virginia RosÃ© 2019,3/25/2020,18,18,1.5,,,
Barrel Thief,on/off,5805 Patterson Ave,Richmond,Richmond,VA,23226,Early Mountain Vineyards Virginia RosÃ© 2019,3/27/2020,36,36,3,,,
Beer Run,on/off,156 Carlton Rd Ste 203,Charlottesville,Charlottesville,VA,22902,"Early Mountain Vineyards Virginia ""Young Wine"" Chambourcin 2018",12/18/2019,4,4,0.33,,,
Beer Run,on/off,156 Carlton Rd Ste 203,Charlottesville,Charlottesville,VA,22902,Early Mountain Vineyards Shenandoah Valley Cabernet Franc 2018,2/21/2020,4,4,0.33,,,
Blacksburg Wine Lab,on,400 Turner St. NW,Valley/Western,Blacksburg,VA,24060,Early Mountain Vineyards Virginia Chardonnay 2017,1/29/2020,2,2,0.17,,,
Blacksburg Wine Lab,on,400 Turner St. NW,Valley/Western,Blacksburg,VA,24060,"Early Mountain Vineyards Virginia Red ""Foothills"" 2017",1/29/2020,2,2,0.17,,,
Blanca,on,4117 Granby St Ste A,Tidewater,Norfolk,VA,23504-1116,"Early Mountain Vineyards Virginia Red ""Foothills"" 2017",11/13/2019,2,2,0.17,,,
Blanca,on,4117 Granby St Ste A,Tidewater,Norfolk,VA,23504-1116,"Early Mountain Vineyards Virginia Red ""Foothills"" 2017",12/11/2019,3,3,0.25,,,
Bloom,on,1109 Main St. SW,Valley/Western,Roanoke,VA,24015,Early Mountain Vineyards Virginia Petit Manseng 2018,3/11/2020,2,2,0.17,$16.67 ,$33.33 ,
BON TON,On,214 PONCE DE LEON AVE NE,ATLANTA,ATLANTA,GA,30308,EARLY MOUNTAIN VINEYARDS ROSE 2018,Feb-20,0.33,0.33,0.03,,,
BON TON,on,214 PONCE DE LEON AVE NE,,ATLANTA,GA,30212930,EARLY MOUNTAIN VINEYARDS ROSE,Mar-20,0.17,0.17,0.01,,,
BON TON ,On ,674 Myrtle Street NE ,Atlanta,Atlanta,GA,30308,EARLY MOUNTAIN VINEYARDS ROSE 2018,2019-11,4,4,0.33,,,
BON TON   ,On ,674 Myrtle Street NE ,Atlanta,Atlanta,GA,30308,EARLY MOUNTAIN VINEYARDS ROSE 2018,2019-09,4,4,0.33,,,
BON TON   ,On ,674 Myrtle Street NE ,Atlanta,Atlanta,GA,30308,EARLY MOUNTAIN VINEYARDS ROSE 2018,2019-10,3,3,0.25,,,
Bottleworks,off,3078 Stony Point Rd.,Richmond,Richmond,VA,23235,"Early Mountain Vineyards Virginia Red ""Foothills"" 2017",10/4/2019,2,2,0.17,13.33,26.67,
Bourbon Steak - Four Seasons Hotel,on,Bourbon Steak,DC,Washington,DC,20007,"Early Mountain Vineyards Virginia White ""Five Forks"" 2018",10/1/2019,12,12,1,,,
Bourbon Steak - Four Seasons Hotel,on,Bourbon Steak,DC,Washington,DC,20007,"Early Mountain Vineyards Virginia White ""Five Forks"" 2018",10/10/2019,24,24,2,,,
Brooklyn Wine Exchange,off,138 Court Street,Brooklyn,Brooklyn,NY,11201,"Early Mountain Vineyards Virginia White ""Five Forks"" 2018",11/19/2019,24,24,2,,,
Brooklyn Wine Exchange,off,285 West Broadway,Brooklyn,Manhattan,NY,10013,"Early Mountain Vineyards Virginia White ""Five Forks"" 2018",2/10/2020,24,24,2,,,
Brut Wine Bar (Grape + Bean),on,118 S Royal St #1,NoVA,Alexandria,VA,22314,Early Mountain Vineyards Shenandoah Valley Cabernet Franc 2017,10/4/2019,12,12,1,15,180,
Buckhead's Chop House,on,8510 Patterson Ave.,Richmond,Richmond,VA,23229,"Early Mountain Vineyards Virginia ""Young Wine"" Chambourcin 2018",10/9/2019,12,12,1,12,144,
C&O Restaurant,on,515 E Water St,Charlottesville,Charlottesville,VA,22902,"Early Mountain Vineyards Virginia Red ""Foothills"" 2017",10/4/2019,24,24,2,12,288,
C&O Restaurant,on,515 E Water St,Charlottesville,Charlottesville,VA,22902,"Early Mountain Vineyards Virginia Red ""Foothills"" 2017",10/18/2019,12,12,1,12,144,
C&O Restaurant,on,515 E Water St,Charlottesville,Charlottesville,VA,22902,"Early Mountain Vineyards Virginia Red ""Foothills"" 2017",10/25/2019,24,24,2,,,
C&O Restaurant,on,515 E Water St,Charlottesville,Charlottesville,VA,22902,"Early Mountain Vineyards Virginia Red ""Foothills"" 2017",11/1/2019,24,24,2,,,
C&O Restaurant,on,515 E Water St,Charlottesville,Charlottesville,VA,22902,"Early Mountain Vineyards Virginia Red ""Foothills"" 2017",11/8/2019,12,12,1,,,
C&O Restaurant,on,515 E Water St,Charlottesville,Charlottesville,VA,22902,Early Mountain Vineyards Shenandoah Valley Cabernet Franc 2017,11/15/2019,12,12,1,,,
C&O Restaurant,on,515 E Water St,Charlottesville,Charlottesville,VA,22902,"Early Mountain Vineyards Virginia Red ""Foothills"" 2017",11/15/2019,12,12,1,,,
C&O Restaurant,on,515 E Water St,Charlottesville,Charlottesville,VA,22902,"Early Mountain Vineyards Virginia Red ""Foothills"" 2017",11/22/2019,12,12,1,,,
C&O Restaurant,on,515 E Water St,Charlottesville,Charlottesville,VA,22902,"Early Mountain Vineyards Virginia Red ""Foothills"" 2017",12/6/2019,24,24,2,,,
C&O Restaurant,on,515 E Water St,Charlottesville,Charlottesville,VA,22902,"Early Mountain Vineyards Virginia Red ""Foothills"" 2017",12/13/2019,12,12,1,,,
C&O Restaurant,on,515 E Water St,Charlottesville,Charlottesville,VA,22902,"Early Mountain Vineyards Virginia Red ""Foothills"" 2017",12/20/2019,12,12,1,,,
C&O Restaurant,on,515 E Water St,Charlottesville,Charlottesville,VA,22902,"Early Mountain Vineyards Virginia Red ""Foothills"" 2017",1/10/2020,24,24,2,,,
C&O Restaurant,on,515 E Water St,Charlottesville,Charlottesville,VA,22902,"Early Mountain Vineyards Virginia Red ""Foothills"" 2017",1/24/2020,24,24,2,,,
C&O Restaurant,on,515 E Water St,Charlottesville,Charlottesville,VA,22902,"Early Mountain Vineyards Virginia Red ""Foothills"" 2018",2/7/2020,12,12,1,,,
C&O Restaurant,on,515 E Water St,Charlottesville,Charlottesville,VA,22902,"Early Mountain Vineyards Virginia Red ""Foothills"" 2018",2/14/2020,12,12,1,,,
C&O Restaurant,on,515 E Water St,Charlottesville,Charlottesville,VA,22902,"Early Mountain Vineyards Virginia Red ""Foothills"" 2018",2/21/2020,24,24,2,,,
C&O Restaurant,on,515 E Water St,Charlottesville,Charlottesville,VA,22902,"Early Mountain Vineyards Virginia Red ""Foothills"" 2018",3/6/2020,12,12,1,,,
Caboose,on/off,108 S. Railroad Ave.,Richmond,Ashland,VA,23005,"Early Mountain Vineyards Virginia Red ""Foothills"" 2017",11/1/2019,3,3,0.25,,,
Caboose,on/off,108 S. Railroad Ave.,Richmond,Ashland,VA,23005,Early Mountain Vineyards Virginia Chardonnay 2017,12/13/2019,3,3,0.25,,,
Caboose,on/off,108 S. Railroad Ave.,Richmond,Ashland,VA,23005,"Early Mountain Vineyards Virginia Red ""Foothills"" 2017",12/13/2019,6,6,0.5,,,
Caboose,on/off,108 S. Railroad Ave.,Richmond,Ashland,VA,23005,"Early Mountain Vineyards Virginia Red ""Foothills"" 2017",1/10/2020,3,3,0.25,,,
Caboose,on/off,108 S. Railroad Ave.,Richmond,Ashland,VA,23005,"Early Mountain Vineyards Virginia Red ""Foothills"" 2018",3/18/2020,3,3,0.25,,,
Calvert & Woodley,off,4339 Connecticut Ave NW,DC,Washington,DC,20008,Early Mountain Vineyards Virginia Chardonnay 2017,10/3/2019,24,24,2,16.67,400,
Calvert & Woodley,off,4339 Connecticut Ave NW,DC,Washington,DC,20008,"Early Mountain Vineyards Virginia Red ""Eluvium"" 2016",11/19/2019,12,12,1,,,
Cavalier Hotel,on,4200 Atlantic Avenue,Tidewater,Virginia Beach,VA,23451,"Early Mountain Vineyards Virginia Red ""Foothills"" 2017",10/2/2019,12,12,1,12,144,
Cavalier Hotel,on,4200 Atlantic Avenue,Tidewater,Virginia Beach,VA,23451,"Early Mountain Vineyards Virginia Red ""Foothills"" 2017",11/8/2019,24,24,2,,,
Cavalier Hotel,on,4200 Atlantic Avenue,Tidewater,Virginia Beach,VA,23451,"Early Mountain Vineyards Virginia Red ""Foothills"" 2018",2/5/2020,24,24,2,,,
Cellar d'Or,off,136 E State St,Upstate,Ithaca,NY,14850,Early Mountain Vineyards Shenandoah Valley Cabernet Franc 2017,12/31/2019,33,33,2.75,,,
Chat's Liquor,off,503 8th St SE,DC,Washington,DC,20003,"Early Mountain Vineyards Virginia ""Young Wine"" Chambourcin 2018",10/25/2019,12,12,1,,,
Chat's Liquor,off,503 8th St SE,DC,Washington,DC,20003,Early Mountain Vineyards Virginia Chardonnay 2017,12/20/2019,36,36,3,,,
Cheese Shop,on/off,410 E. Duke of Gloucester St,Tidewater,Williamsburg,VA,23185,"Early Mountain Vineyards Virginia Red ""Rise"" 2015",3/1/2019,3,3,0.3,,,
Cheese Shop,on/off,410 E. Duke of Gloucester St,Tidewater,Williamsburg,VA,23185,Early Mountain Vineyards Shenandoah Valley Cabernet Franc 2017,10/2/2019,3,3,0.25,20,60,
Cheese Shop,on/off,410 E. Duke of Gloucester St,Tidewater,Williamsburg,VA,23185,Early Mountain Vineyards Virginia Chardonnay Quaker Run 2016,10/2/2019,3,3,0.25,20,60,
Cheese Shop,on/off,410 E. Duke of Gloucester St,Tidewater,Williamsburg,VA,23185,"Early Mountain Vineyards Virginia Red ""Foothills"" 2017",10/2/2019,6,6,0.5,13.33,80,
Cheese Shop,on/off,410 E. Duke of Gloucester St,Tidewater,Williamsburg,VA,23185,Early Mountain Vineyards Shenandoah Valley Cabernet Franc 2017,10/9/2019,3,3,0.25,20,60,
Cheese Shop,on/off,410 E. Duke of Gloucester St,Tidewater,Williamsburg,VA,23185,"Early Mountain Vineyards Virginia Red ""Foothills"" 2017",10/9/2019,12,12,1,13.33,160,
Cheese Shop,on/off,410 E. Duke of Gloucester St,Tidewater,Williamsburg,VA,23185,Early Mountain Vineyards Virginia RosÃ© 2018,10/9/2019,6,6,0.5,,,
Cheese Shop,on/off,410 E. Duke of Gloucester St,Tidewater,Williamsburg,VA,23185,Early Mountain Vineyards Shenandoah Valley Cabernet Franc 2017,10/16/2019,3,3,0.25,20,60,
Cheese Shop,on/off,410 E. Duke of Gloucester St,Tidewater,Williamsburg,VA,23185,Early Mountain Vineyards Virginia Chardonnay Quaker Run 2016,10/16/2019,3,3,0.25,20,60,
Cheese Shop,on/off,410 E. Duke of Gloucester St,Tidewater,Williamsburg,VA,23185,"Early Mountain Vineyards Virginia Red ""Foothills"" 2017",10/16/2019,12,12,1,13.33,160,
Chevy Chase Wine & Spirits,on,5544 Connecticut Ave NW,DC,Washington,DC,20015,Early Mountain Vineyards Virginia Chardonnay 2017,11/1/2019,12,12,1,,,
Chevy Chase Wine & Spirits,on,5544 Connecticut Ave NW,DC,Washington,DC,20015,Early Mountain Vineyards Virginia RosÃ© 2018,11/1/2019,12,12,1,,,
Clay Restaurant,on,285 West Broadway #330,Manhattan,New York,NY,10013,Early Mountain Vineyards Shenandoah Valley Cabernet Franc 2018,2/21/2020,12,12,1,,,
Clay Restaurant,on,285 West Broadway #330,Manhattan,New York,NY,10013,Early Mountain Vineyards Virginia Chardonnay 2017,2/21/2020,5,5,0.42,,,
Clementine Cafe,on,153 S Main St,Valley/Western,Harrisonburg,VA,22801,Early Mountain Vineyards Virginia Chardonnay 2018,2/15/2020,4,4,0.33,,,
Clementine Cafe,on,153 S Main St,Valley/Western,Harrisonburg,VA,22801,"Early Mountain Vineyards Virginia Red ""Eluvium"" 2017",3/4/2020,4,4,0.33,$26.67 ,$106.67 ,
Clifton Inn,on,1296 Clifton Inn Dr,Charlottesville,Charlottesville,VA,22911,"Early Mountain Vineyards Virginia Red ""Rise"" 2015",9/18/2019,3,3,0.25,,,
Clifton Inn,on,1296 Clifton Inn Dr,Charlottesville,Charlottesville,VA,22911,"Early Mountain Vineyards Virginia Red ""Rise"" 2015 (3-pack)",1/31/2020,2,2,0.17,,,
Columbia Room,on,1224 9th St. NW,DC,Washington,DC,20009,Early Mountain Vineyards Virginia RosÃ© 2018,10/22/2019,12,12,1,,,
Commonwealth Club,on,401 W. Franklin Street,Richmond,Richmond,VA,23220,"Early Mountain Vineyards Virginia Red ""Rise"" 2015",5/1/2019,6,6,0.5,,,
Commonwealth Club,on,401 W. Franklin Street,Richmond,Richmond,VA,23220,Early Mountain Vineyards Virginia Chardonnay 2017,10/2/2019,24,24,2,15,360,
Commonwealth Club,on,401 W. Franklin Street,Richmond,Richmond,VA,23220,Early Mountain Vineyards Shenandoah Valley Cabernet Franc 2017,11/15/2019,12,12,1,,,
Commonwealth Club,on,401 W. Franklin Street,Richmond,Richmond,VA,23220,Early Mountain Vineyards Shenandoah Valley Cabernet Franc 2017,11/20/2019,4,4,0.33,,,
Commonwealth Club,on,401 W. Franklin Street,Richmond,Richmond,VA,23220,"Early Mountain Vineyards Virginia Red ""Eluvium"" 2016",11/20/2019,16,16,1.33,,,
Commonwealth Club,on,401 W. Franklin Street,Richmond,Richmond,VA,23220,"Early Mountain Vineyards Virginia Red ""Foothills"" 2017",11/20/2019,9,9,0.75,,,
Commonwealth Club,on,401 W. Franklin Street,Richmond,Richmond,VA,23220,"Early Mountain Vineyards Virginia Red ""Rise"" 2015 (3-pack)",11/20/2019,3,3,0.25,,,
Commonwealth Club,on,401 W. Franklin Street,Richmond,Richmond,VA,23220,"Early Mountain Vineyards Virginia Red ""Rise"" 2015 (3-pack)",11/22/2019,3,3,0.25,,,
Copake Wine Works,off,69 Main Street,New York,Copake,NY,12516,Early Mountain Vineyards Virginia Chardonnay 2017,10/24/2019,3,3,0.25,,,
Copake Wine Works,off,69 Main Street,New York,Copake,NY,12516,"Early Mountain Vineyards Virginia Red ""Foothills"" 2017",10/24/2019,3,3,0.25,,,
Copake Wine Works,off,69 Main Street,New York,Copake,NY,12516,"Early Mountain Vineyards Virginia White ""Five Forks"" 2018",10/24/2019,3,3,0.25,,,
Cosmos Club,on,2121 Massachusetts Ave. NW,DC,Washington,DC,20008,"Early Mountain Vineyards Virginia Red ""Rise"" 2015",7/25/2019,12,12,1,,,
Crystal City Wine Shop,off,220 20th St. South,NoVA,Arlington,VA,22202,Early Mountain Vineyards Virginia PÃ©tillant Naturel Red 2018,10/4/2019,6,6,0.5,16.67,100,
Crystal City Wine Shop,off,220 20th St. South,NoVA,Arlington,VA,22202,"Early Mountain Vineyards Virginia Red ""Foothills"" 2017",10/10/2019,36,36,3,12,432,
Crystal City Wine Shop,off,220 20th St. South,NoVA,Arlington,VA,22202,"Early Mountain Vineyards Virginia ""Young Wine"" Chambourcin 2018",11/8/2019,12,12,1,,,
Crystal City Wine Shop,off,220 20th St. South,NoVA,Arlington,VA,22202,"Early Mountain Vineyards Virginia Red ""Foothills"" 2017",12/3/2019,36,36,3,,,
Crystal City Wine Shop,off,220 20th St. South,NoVa,Arlington,VA,22202,"Early Mountain Vineyards Virginia ""Young Wine"" Chambourcin 2018",1/7/2020,12,12,1,,,
Crystal City Wine Shop,off,220 20th St. South,NoVa,Arlington,VA,22202,Early Mountain Vineyards Virginia Petit Manseng 2018,1/31/2020,3,3,0.25,,,
Crystal City Wine Shop,off,220 20th St. South,NoVa,Arlington,VA,22202,"Early Mountain Vineyards Virginia Red ""Foothills"" 2017",1/31/2020,36,36,3,,,
Crystal City Wine Shop,off,220 20th St. South,NoVa,Arlington,VA,22202,Early Mountain Vineyards Virginia RosÃ© 2019,3/10/2020,36,36,3,,,
Crystal Palate,off,4500 Pretty Lake Avenue,Tidewater,Norfolk,VA,23518,Early Mountain Vineyards Virginia Chardonnay 2017,11/13/2019,12,12,1,,,
Dabney,on,122 Blagden Alley NW,DC,Washington,DC,20009,"Early Mountain Vineyards Virginia Red ""Eluvium"" 2016",10/1/2019,3,3,0.25,23.33,70,
Dabney,on,122 Blagden Alley NW,DC,Washington,DC,20009,"Early Mountain Vineyards Virginia Red ""Eluvium"" 2016",10/8/2019,3,3,0.25,23.33,70,
Dabney,on,122 Blagden Alley NW,DC,Washington,DC,20009,"Early Mountain Vineyards Virginia Red ""Eluvium"" 2016",10/11/2019,3,3,0.25,23.33,70,
Dabney,on,122 Blagden Alley NW,DC,Washington,DC,20009,"Early Mountain Vineyards Virginia Red ""Eluvium"" 2016",10/15/2019,2,2,0.17,23.33,46.67,
Dabney,on,122 Blagden Alley NW,DC,Washington,DC,20009,"Early Mountain Vineyards Virginia Red ""Eluvium"" 2016",10/22/2019,3,3,0.25,23.33,70,
Dabney,on,122 Blagden Alley NW,DC,Washington,DC,20009,"Early Mountain Vineyards Virginia Red ""Eluvium"" 2016",11/1/2019,3,3,0.25,,,
Dabney,on,122 Blagden Alley NW,DC,Washington,DC,20009,"Early Mountain Vineyards Virginia Red ""Eluvium"" 2016",11/5/2019,4,4,0.33,,,
Dabney,on,122 Blagden Alley NW,DC,Washington,DC,20009,"Early Mountain Vineyards Virginia Red ""Eluvium"" 2016",11/12/2019,3,3,0.25,,,
Dabney,on,122 Blagden Alley NW,DC,Washington,DC,20009,"Early Mountain Vineyards Virginia Red ""Eluvium"" 2016",11/26/2019,2,2,0.17,,,
Dabney,on,122 Blagden Alley NW,DC,Washington,DC,20009,"Early Mountain Vineyards Virginia Red ""Eluvium"" 2016",12/17/2019,4,4,0.33,,,
Dabney,on,122 Blagden Alley NW,DC,Washington,DC,20009,"Early Mountain Vineyards Virginia Red ""Eluvium"" 2017",12/27/2019,3,3,0.25,,,
Dabney,on,122 Blagden Alley NW,DC,Washington,DC,20009,"Early Mountain Vineyards Virginia Red ""Eluvium"" 2017",1/7/2020,4,4,0.33,,,
Dabney,on,122 Blagden Alley NW,DC,Washington,DC,20009,"Early Mountain Vineyards Virginia Red ""Eluvium"" 2017",1/10/2020,3,3,0.25,,,
Dabney,on,122 Blagden Alley NW,DC,Washington,DC,20009,"Early Mountain Vineyards Virginia Red ""Eluvium"" 2017",2/25/2020,2,2,0.17,,,
Dabney,on,122 Blagden Alley NW,DC,Washington,DC,20009,"Early Mountain Vineyards Virginia Red ""Eluvium"" 2017",3/5/2020,4,4,0.33,$26.67 ,$106.67 ,
DBGB - DC,on,931 H St. NW,DC,Washington,DC,20001,Early Mountain Vineyards Virginia RosÃ© 2018,10/8/2019,36,36,3,,,
DECATUR PACKAGE STORE   ,Off ,1220 Clairmont Rd,Decatur,Decatur,GA,30030,EARLY MOUNTAIN VINEYARDS ROSE 2018,2019-10,12,12,1,,,
Department of Beer & Wine,off,2724 Richmond Hwy,NoVA,Alexandria,VA,22301,"Early Mountain Vineyards Virginia ""Young Wine"" Chambourcin 2018",10/9/2019,4,4,0.33,12,48,
Department of Beer & Wine,off,2724 Richmond Hwy,NoVA,Alexandria,VA,22301,"Early Mountain Vineyards Virginia Red ""Foothills"" 2017",10/9/2019,4,4,0.33,13.33,53.33,
Department of Beer & Wine,off,2724 Richmond Hwy,NoVA,Alexandria,VA,22301,Early Mountain Vineyards Virginia RosÃ© 2018,10/9/2019,12,12,1,,,
Department of Beer & Wine,off,2724 Richmond Hwy,NoVA,Alexandria,VA,22301,"Early Mountain Vineyards Virginia White ""Five Forks"" 2018",10/9/2019,4,4,0.33,,,
Department of Beer & Wine,off,2724 Richmond Hwy,NoVA,Alexandria,VA,22301,"Early Mountain Vineyards Virginia Red ""Foothills"" 2017",11/8/2019,12,12,1,,,
Department of Beer & Wine,off,2724 Richmond Hwy,NoVA,Alexandria,VA,22301,"Early Mountain Vineyards Virginia ""Young Wine"" Chambourcin 2018",12/13/2019,4,4,0.33,,,
Department of Beer & Wine,off,2724 Richmond Hwy,NoVA,Alexandria,VA,22301,"Early Mountain Vineyards Virginia Red ""Foothills"" 2017",12/13/2019,4,4,0.33,,,
Department of Beer & Wine,off,2724 Richmond Hwy,NoVa,Alexandria,VA,22301,Early Mountain Vineyards Shenandoah Valley Cabernet Franc 2018,1/17/2020,4,4,0.33,,,
Department of Beer & Wine,off,2724 Richmond Hwy,NoVa,Alexandria,VA,22301,Early Mountain Vineyards Virginia Petit Manseng 2018,1/17/2020,4,4,0.33,,,
Department of Beer & Wine,off,2724 Richmond Hwy,NoVa,Alexandria,VA,22301,"Early Mountain Vineyards Virginia Red ""Foothills"" 2017",1/17/2020,4,4,0.33,,,
Department of Beer & Wine,off,2724 Richmond Hwy,NoVa,Alexandria,VA,22301,"Early Mountain Vineyards Virginia Red ""Foothills"" 2018",2/6/2020,4,4,0.33,,,
Department of Beer & Wine,off,2724 Richmond Hwy,NoVa,Alexandria,VA,22301,"Early Mountain Vineyards Virginia Red ""Foothills"" 2018",2/28/2020,12,12,1,,,
DeVine,off,121 Blue Ridge Dr,Valley/Western,Wintergreen,VA,22958,Early Mountain Vineyards Shenandoah Valley Cabernet Franc 2018,3/13/2020,12,12,1,$20.00 ,$240.00 ,
DeVine,off,121 Blue Ridge Dr,Valley/Western,Wintergreen,VA,22958,Early Mountain Vineyards Virginia Petit Manseng 2018,3/13/2020,12,12,1,$16.67 ,199.99992,
Dominion Wine and Beer,on/off,107 Rowell Ct.,NoVA,Falls Church,VA,22046-3126,"Early Mountain Vineyards Virginia Red ""Foothills"" 2017",12/12/2019,12,12,1,,,
Dominion Wine and Beer,on/off,107 Rowell Ct.,NoVa,Falls Church,VA,22046-3126,Early Mountain Vineyards Virginia Chardonnay 2017,2/11/2020,6,6,0.5,,,
Dominion Wine and Beer,on/off,107 Rowell Ct.,NoVa,Falls Church,VA,22046-3126,Early Mountain Vineyards Virginia Petit Manseng 2018,2/11/2020,6,6,0.5,,,
Dominion Wine and Beer,on/off,107 Rowell Ct.,NoVa,Falls Church,VA,22046-3126,Early Mountain Vineyards Virginia RosÃ© 2019,3/19/2020,12,12,1,,,
Downtown Grille,on,201 West Main Street,Charlottesville,Charlottesville,VA,22902,"Early Mountain Vineyards Virginia Red ""Rise"" 2015",9/11/2019,3,3,0.25,,,
Downtown Grille,on,201 West Main Street,Charlottesville,Charlottesville,VA,22902,Early Mountain Vineyards Virginia Petit Manseng 2017,10/23/2019,24,24,2,,,
Downtown Grille,on,201 West Main Street,Charlottesville,Charlottesville,VA,22902,Early Mountain Vineyards Virginia Petit Manseng 2017,10/30/2019,12,12,1,,,
Downtown Grille,on,201 West Main Street,Charlottesville,Charlottesville,VA,22902,"Early Mountain Vineyards Virginia Red ""Eluvium"" 2016",10/30/2019,6,6,0.5,,,
Downtown Grille,on,201 West Main Street,Charlottesville,Charlottesville,VA,22902,Early Mountain Vineyards Virginia Chardonnay 2017,11/1/2019,12,12,1,,,
Downtown Grille,on,201 West Main Street,Charlottesville,Charlottesville,VA,22902,Early Mountain Vineyards Virginia Chardonnay 2017,2/5/2020,6,6,0.5,,,
Downtown Grille,on,201 West Main Street,Charlottesville,Charlottesville,VA,22902,"Early Mountain Vineyards Virginia Red ""Eluvium"" 2017",2/5/2020,6,6,0.5,,,
Drink PLG,off,285 West Broadway #330,New York,Brooklyn,NY,10013,"Early Mountain Vineyards Virginia White ""Five Forks"" 2018",10/2/2019,48,48,4,,,
Drink PLG,off ,285 West Broadway #330,New York,Brooklyn,NY,10013,"Early Mountain Vineyards Virginia Red ""Foothills"" 2017",10/2/2019,48,48,4,12,576,
Duplex Diner,On,"2004 18th St, NW",DC,Washington,DC,20009,Early Mountain Vineyards Virginia RosÃ© 2018,10/17/2019,24,24,2,,,
Dutch & Co.,on,400 N. 27th St.,Richmond,Richmond,VA,23223,Early Mountain Vineyards Virginia Chardonnay Quaker Run 2016,1/10/2020,1,1,0.08,,,
Dutch & Co.,on,400 N. 27th St.,Richmond,Richmond,VA,23223,"Early Mountain Vineyards Virginia Red ""Foothills"" 2017",1/24/2020,3,3,0.25,,,
Dutch & Co.,on,400 N. 27th St.,Richmond,Richmond,VA,23223,Early Mountain Vineyards Virginia Chardonnay 2017,2/7/2020,1,1,0.08,,,
Dutch & Co.,on,400 N. 27th St.,Richmond,Richmond,VA,23223,Early Mountain Vineyards Virginia Chardonnay Quaker Run 2017,2/12/2020,12,12,1,,,
Dutch & Co.,on,400 N. 27th St.,Richmond,Richmond,VA,23223,"Early Mountain Vineyards Virginia Red ""Foothills"" 2018",3/6/2020,2,2,0.17,,,
Each Peach Market,on/off,3068 Mt Pleasant St NW,DC,Washington,DC,20009,"Early Mountain Vineyards Virginia Red ""Foothills"" 2017",11/15/2019,12,12,1,,,
Each Peach Market,on/off,3068 Mt Pleasant St NW,DC,Washington,DC,20009,"Early Mountain Vineyards Virginia Red ""Foothills"" 2017",11/26/2019,12,12,1,,,
Each Peach Market,on/off,3068 Mt Pleasant St NW,DC,Washington,DC,20009,"Early Mountain Vineyards Virginia Red ""Foothills"" 2017",1/7/2020,12,12,1,,,
Each Peach Market,on/off,3068 Mt Pleasant St NW,DC,Washington,DC,20009,"Early Mountain Vineyards Virginia Red ""Foothills"" 2017",1/28/2020,12,12,1,,,
Each Peach Market,on/off,3068 Mt Pleasant St NW,DC,Washington,DC,20009,"Early Mountain Vineyards Virginia Red ""Foothills"" 2018",3/10/2020,12,12,1,,,
Eli's Provisions,off,209 A Market Street SE,Valley / Western VA,Roanoke,VA,24011,Early Mountain Vineyards Virginia Chardonnay 2017,10/23/2019,3,3,0.25,,,
Eli's Provisions,off,209 A Market Street SE,Valley / Western VA,Roanoke,VA,24011,"Early Mountain Vineyards Virginia Red ""Foothills"" 2017",10/23/2019,3,3,0.25,,,
Eli's Provisions,off,209 A Market Street SE,Valley / Western VA,Roanoke,VA,24011,Early Mountain Vineyards Virginia RosÃ© 2018,10/23/2019,3,3,0.25,,,
Ellwood Thompson,off,4 N Thompson St,Richmond,Richmond,VA,23221,Early Mountain Vineyards Virginia RosÃ© 2018,10/23/2019,12,12,1,,,
Ellwood Thompson,off,4 N Thompson St,Richmond,Richmond,VA,23221,"Early Mountain Vineyards Virginia Red ""Eluvium"" 2016",11/1/2019,12,12,1,,,
Ellwood Thompson,off,4 N Thompson St,Richmond,Richmond,VA,23221,Early Mountain Vineyards Virginia Chardonnay 2017,11/25/2019,6,6,0.5,,,
Ellwood Thompson,off,4 N Thompson St,Richmond,Richmond,VA,23221,"Early Mountain Vineyards Virginia Red ""Foothills"" 2017",12/6/2019,12,12,1,,,
Ellwood Thompson,off,4 N Thompson St,Richmond,Richmond,VA,23221,Early Mountain Vineyards Virginia Chardonnay Quaker Run 2016,12/11/2019,6,6,0.5,,,
Ellwood Thompson,off,4 N Thompson St,Richmond,Richmond,VA,23221,"Early Mountain Vineyards Virginia ""Young Wine"" Chambourcin 2018",12/18/2019,12,12,1,,,
Ellwood Thompson,off,4 N Thompson St,Richmond,Richmond,VA,23221,Early Mountain Vineyards Virginia Chardonnay Quaker Run 2016,12/18/2019,2,2,0.17,,,
Ellwood Thompson,off,4 N Thompson St,Richmond,Richmond,VA,23221,"Early Mountain Vineyards Virginia ""Young Wine"" Chambourcin 2018",1/8/2020,12,12,1,,,
Ellwood Thompson,off,4 N Thompson St,Richmond,Richmond,VA,23221,"Early Mountain Vineyards Virginia Red ""Foothills"" 2017",1/8/2020,12,12,1,,,
Ellwood Thompson,off,4 N Thompson St,Richmond,Richmond,VA,23221,Early Mountain Vineyards Shenandoah Valley Cabernet Franc 2018,1/31/2020,6,6,0.5,,,
Ellwood Thompson,off,4 N Thompson St,Richmond,Richmond,VA,23221,"Early Mountain Vineyards Virginia ""Young Wine"" Chambourcin 2018",1/31/2020,12,12,1,,,
Ellwood Thompson,off,4 N Thompson St,Richmond,Richmond,VA,23221,Early Mountain Vineyards Virginia RosÃ© 2019,3/13/2020,12,12,1,,,
Emilie's,on,1101 Pennsylvania Ave SE,DC,Washington,DC,20003,"Early Mountain Vineyards Virginia White ""Five Forks"" 2018",10/1/2019,12,12,1,,,
Emilie's,on,1101 Pennsylvania Ave SE,DC,Washington,DC,20003,Early Mountain Vineyards Virginia Petit Manseng 2017,10/25/2019,1,1,0.08,,,
Enologo,on,285 West Broadway #330,Manhattan,New York,NY,10013,"Early Mountain Vineyards Virginia Red ""Foothills"" 2017",1/29/2020,48,48,4,,,
Enologo,on,285 West Broadway #330,Manhattan,New York,NY,10013,"Early Mountain Vineyards Virginia Red ""Foothills"" 2017",2/24/2020,48,48,4,,,
Essex Pearl,on,115 Delancey Street,New York,New York,NY,10002,Early Mountain Vineyards Virginia Petit Manseng 2017,11/22/2019,6,6,0.5,,,
Essex Pearl,on,115 Delancey Street,New York,New York,NY,10002,"Early Mountain Vineyards Virginia White ""Five Forks"" 2018",11/22/2019,6,6,0.5,,,
Essex Pearl,on,285 West Broadway #330,Manhattan,New York,NY,10013,"Early Mountain Vineyards Virginia White ""Five Forks"" 2018",1/28/2020,24,24,2,,,
Essex Pearl,on,285 West Broadway #330,Manhattan,New York,NY,10013,"Early Mountain Vineyards Virginia White ""Five Forks"" 2018",2/21/2020,48,48,4,,,
Essex Pearl,on,285 West Broadway #330,NY,Manhattan,NY,10013,Early Mountain Vineyards Virginia Petit Manseng 2018,3/3/2020,12,12,1,$16.67 ,$200.00 ,
Farmers & Distillers,on,600 Massachusetts Ave. NW,DC,Washington,DC,20001,"Early Mountain Vineyards ""Virginia Vines"" RosÃ© 2018",10/11/2019,24,24,2,13.33,320,
Farmers & Distillers,on,600 Massachusetts Ave. NW,DC,Washington,DC,20001,"Early Mountain Vineyards ""Virginia Vines"" RosÃ© 2018",3/6/2020,18,18,1.5,$13.33 ,$240.00 ,
Farmington,on,1625 Country Club Circle,Charlottesville,Charlottesville,VA,22901-5030,Early Mountain Vineyards Shenandoah Valley Cabernet Franc 2017,10/2/2019,6,6,0.5,20,120,
Farmington,on,1625 Country Club Circle,Charlottesville,Charlottesville,VA,22901-5030,Early Mountain Vineyards Virginia Chardonnay 2017,10/2/2019,6,6,0.5,16.67,100,
Farmington,on,1625 Country Club Circle,Charlottesville,Charlottesville,VA,22901-5030,"Early Mountain Vineyards Virginia Red ""Eluvium"" 2016",10/2/2019,6,6,0.5,23.33,140,
Farmington,on,1625 Country Club Circle,Charlottesville,Charlottesville,VA,22901-5030,"Early Mountain Vineyards Virginia Red ""Foothills"" 2017",10/2/2019,6,6,0.5,13.33,80,
Farmington,on,1625 Country Club Circle,Charlottesville,Charlottesville,VA,22901-5030,"Early Mountain Vineyards Virginia White ""Five Forks"" 2018",10/2/2019,6,6,0.5,,,
Farmington,on,1625 Country Club Circle,Charlottesville,Charlottesville,VA,22901-5030,"Early Mountain Vineyards Virginia Red ""Rise"" 2015 (3-pack)",11/20/2019,6,6,0.5,,,
Farmington Country Club,on,1625 Country Club Circle,Charlottesville,Charlottesville,VA,22901-5030,"Early Mountain Vineyards Virginia Red ""Eluvium"" 2016",11/20/2019,6,6,0.5,,,
Farmington Country Club,on,1625 Country Club Circle,Charlottesville,Charlottesville,VA,22901-5030,"Early Mountain Vineyards Virginia Red ""Foothills"" 2017",11/20/2019,6,6,0.5,,,
Fat Canary,on,"The Cheese Shop of VA, Inc.",Tidewater,Williamsburg,VA,23185,"Early Mountain Vineyards Virginia ""Young Wine"" Chambourcin 2018",10/23/2019,3,3,0.25,,,
Fat Canary,on,"The Cheese Shop of VA, Inc.",Tidewater,Williamsburg,VA,23185,Early Mountain Vineyards Virginia Chardonnay Quaker Run 2016,10/23/2019,3,3,0.25,,,
Fat Canary,on,"The Cheese Shop of VA, Inc.",Tidewater,Williamsburg,VA,23185,Early Mountain Vineyards Virginia PÃ©tillant Naturel Red 2018,10/23/2019,3,3,0.25,,,
Fat Canary,on,"The Cheese Shop of VA, Inc.",Tidewater,Williamsburg,VA,23185,Early Mountain Vineyards Virginia RosÃ© 2018,10/23/2019,6,6,0.5,,,
Fat Canary,on,"The Cheese Shop of VA, Inc.",Tidewater,Williamsburg,VA,23185,"Early Mountain Vineyards Virginia Red ""Foothills"" 2017",10/30/2019,6,6,0.5,,,
Fat Canary,on,"The Cheese Shop of VA, Inc.",Tidewater,Williamsburg,VA,23185,Early Mountain Vineyards Virginia RosÃ© 2018,10/30/2019,6,6,0.5,,,
Fat Canary,on,"The Cheese Shop of VA, Inc.",Tidewater,Williamsburg,VA,23185,"Early Mountain Vineyards Virginia ""Young Wine"" Chambourcin 2018",11/6/2019,3,3,0.25,,,
Fat Canary,on,"The Cheese Shop of VA, Inc.",Tidewater,Williamsburg,VA,23185,"Early Mountain Vineyards Virginia Red ""Eluvium"" 2016",11/13/2019,6,6,0.5,,,
Fat Canary,on,"The Cheese Shop of VA, Inc.",Tidewater,Williamsburg,VA,23185,"Early Mountain Vineyards Virginia Red ""Foothills"" 2017",11/13/2019,3,3,0.25,,,
Fat Canary,on,"The Cheese Shop of VA, Inc.",Tidewater,Williamsburg,VA,23185,Early Mountain Vineyards Shenandoah Valley Cabernet Franc 2017,11/20/2019,3,3,0.25,,,
Fat Canary,on,"The Cheese Shop of VA, Inc.",Tidewater,Williamsburg,VA,23185,"Early Mountain Vineyards Virginia Red ""Foothills"" 2017",11/20/2019,3,3,0.25,,,
Fat Canary,on,"The Cheese Shop of VA, Inc.",Tidewater,Williamsburg,VA,23185,Early Mountain Vineyards Shenandoah Valley Cabernet Franc 2018,11/27/2019,4,4,0.33,,,
Fat Canary,on,"The Cheese Shop of VA, Inc.",Tidewater,Williamsburg,VA,23185,"Early Mountain Vineyards Virginia Red ""Foothills"" 2017",11/27/2019,6,6,0.5,,,
Fat Canary,on,"The Cheese Shop of VA, Inc.",Tidewater,Williamsburg,VA,23185,"Early Mountain Vineyards Virginia ""Young Wine"" Chambourcin 2018",12/4/2019,3,3,0.25,,,
Fat Canary,on,"The Cheese Shop of VA, Inc.",Tidewater,Williamsburg,VA,23185,Early Mountain Vineyards Virginia PÃ©tillant Naturel Red 2018,12/4/2019,3,3,0.25,,,
Fat Canary,on,"The Cheese Shop of VA, Inc.",Tidewater,Williamsburg,VA,23185,"Early Mountain Vineyards Virginia Red ""Foothills"" 2017",12/4/2019,12,12,1,,,
Fat Canary,on,"The Cheese Shop of VA, Inc.",Tidewater,Williamsburg,VA,23185,"Early Mountain Vineyards Virginia ""Young Wine"" Chambourcin 2018",12/11/2019,3,3,0.25,,,
Fat Canary,on,"The Cheese Shop of VA, Inc.",Tidewater,Williamsburg,VA,23185,"Early Mountain Vineyards Virginia Red ""Foothills"" 2017",12/11/2019,6,6,0.5,,,
Fat Canary,on,"The Cheese Shop of VA, Inc.",Tidewater,Williamsburg,VA,23185,"Early Mountain Vineyards Virginia Red ""Eluvium"" 2016",12/17/2019,3,3,0.25,,,
Fat Canary,on,"The Cheese Shop of VA, Inc.",Tidewater,Williamsburg,VA,23185,"Early Mountain Vineyards Virginia Red ""Foothills"" 2017",12/17/2019,12,12,1,,,
Fat Canary,on,"The Cheese Shop of VA, Inc.",Tidewater,Williamsburg,VA,23185,Early Mountain Vineyards Shenandoah Valley Cabernet Franc 2018,12/23/2019,2,2,0.17,,,
Fat Canary,on,"The Cheese Shop of VA, Inc.",Tidewater,Williamsburg,VA,23185,"Early Mountain Vineyards Virginia Red ""Foothills"" 2017",12/23/2019,12,12,1,,,
Fat Canary,on,"The Cheese Shop of VA, Inc.",Tidewater,Williamsburg,VA,23185,Early Mountain Vineyards Virginia PÃ©tillant Naturel Red 2018,12/30/2019,6,6,0.5,,,
Fat Canary,on,"The Cheese Shop of VA, Inc.",Tidewater,Williamsburg,VA,23185,"Early Mountain Vineyards Virginia ""Young Wine"" Chambourcin 2018",1/15/2020,2,2,0.17,,,
Fat Canary,on,"The Cheese Shop of VA, Inc.",Tidewater,Williamsburg,VA,23185,Early Mountain Vineyards Virginia PÃ©tillant Naturel Red 2018,1/15/2020,2,2,0.17,,,
Fat Canary,on,"The Cheese Shop of VA, Inc.",Tidewater,Williamsburg,VA,23185,"Early Mountain Vineyards Virginia Red ""Foothills"" 2017",1/15/2020,6,6,0.5,,,
Fat Canary,on,"The Cheese Shop of VA, Inc.",Tidewater,Williamsburg,VA,23185,"Early Mountain Vineyards Virginia Red ""Foothills"" 2017",1/22/2020,6,6,0.5,,,
Fat Canary,on,"The Cheese Shop of VA, Inc.",Tidewater,Williamsburg,VA,23185,Early Mountain Vineyards Shenandoah Valley Cabernet Franc 2018,1/29/2020,2,2,0.17,,,
Fat Canary,on,"The Cheese Shop of VA, Inc.",Tidewater,Williamsburg,VA,23185,"Early Mountain Vineyards Virginia Red ""Foothills"" 2017",1/29/2020,4,4,0.33,,,
Fat Canary,on,"The Cheese Shop of VA, Inc.",Tidewater,Williamsburg,VA,23185,"Early Mountain Vineyards Virginia Red ""Eluvium"" 2017",2/19/2020,2,2,0.17,,,
Fat Canary,on,"The Cheese Shop of VA, Inc.",Tidewater,Williamsburg,VA,23185,"Early Mountain Vineyards Virginia Red ""Foothills"" 2018",2/19/2020,6,6,0.5,,,
Fat Canary,on,"The Cheese Shop of VA, Inc.",Tidewater,Williamsburg,VA,23185,"Early Mountain Vineyards Virginia Red ""Foothills"" 2018",2/26/2020,12,12,1,,,
Fat Canary,on,"The Cheese Shop of VA, Inc.",Tidewater,Williamsburg,VA,23185,Early Mountain Vineyards Shenandoah Valley Cabernet Franc 2018,3/11/2020,3,3,0.25,$20.00 ,$60.00 ,
Fat Canary,on,"The Cheese Shop of VA, Inc.",Tidewater,Williamsburg,VA,23185,Early Mountain Vineyards Virginia Chardonnay 2018,3/11/2020,3,3,0.25,$16.67 ,$50.00 ,
Feast,off,416 W Main St Suite H,Charlottesville,Charlottesville,VA,22902,"Early Mountain Vineyards Virginia Red ""Foothills"" 2017",10/2/2019,12,12,1,13.33,160,
Feast,off,416 W Main St Suite H,Charlottesville,Charlottesville,VA,22902,Early Mountain Vineyards Virginia RosÃ© 2018,10/2/2019,12,12,1,,,
Feast,off,416 W Main St Suite H,Charlottesville,Charlottesville,VA,22902,Early Mountain Vineyards Virginia RosÃ© 2018,10/30/2019,12,12,1,,,
Feast,off,416 W Main St Suite H,Charlottesville,Charlottesville,VA,22902,"Early Mountain Vineyards Virginia Red ""Foothills"" 2017",11/20/2019,12,12,1,,,
Feast,off,416 W Main St Suite H,Charlottesville,Charlottesville,VA,22902,"Early Mountain Vineyards Virginia Red ""Foothills"" 2017",12/18/2019,12,12,1,,,
Feast,off,416 W Main St Suite H,Charlottesville,Charlottesville,VA,22902,"Early Mountain Vineyards Virginia Red ""Foothills"" 2017",2/5/2020,12,12,1,,,
Feast,off,416 W Main St Suite H,Charlottesville,Charlottesville,VA,22902,Early Mountain Vineyards Virginia RosÃ© 2019,3/6/2020,36,36,3,,,
Field & Main,on/off,8369 W. Main St.,NoVA,Marshall,VA,20115,"Field & Main ""Hestia"" Virginia Red Wine 2017",10/10/2019,24,24,2,,,
Field & Main,on/off,8369 W. Main St.,NoVa,Marshall,VA,20115,Early Mountain Vineyards Virginia Petit Manseng 2018,1/9/2020,4,4,0.33,,,
Field & Main,on/off,8369 W. Main St.,NoVa,Marshall,VA,20115,Early Mountain Vineyards Virginia Petit Manseng 2018,2/13/2020,12,12,1,,,
Flight Wine Bar,on,777 6th Street NW,DC,Washington,DC,20001,"Early Mountain Vineyards Virginia Red ""Rise"" 2015",7/19/2019,2,2,0.17,,,
Fond du Lac Cold Storage,off,285 West Broadway #330,NY,Manhattan,NY,10013,Early Mountain Vineyards Virginia Chardonnay 2017,3/11/2020,2,2,0.17,$16.67 ,$33.33 ,
Foods of All Nations,Off,2121 Ivy Rd,Charlottesville,Charlottesville,VA,22903,"Early Mountain Vineyards Virginia White ""Five Forks"" 2018",10/4/2019,3,3,0.25,,,
Foods of All Nations,Off,2121 Ivy Rd,Charlottesville,Charlottesville,VA,22903,Early Mountain Vineyards Shenandoah Valley Cabernet Franc 2017,10/18/2019,3,3,0.25,20,60,
Foods of All Nations,Off,2121 Ivy Rd,Charlottesville,Charlottesville,VA,22903,Early Mountain Vineyards Virginia Petit Manseng 2017,10/18/2019,3,3,0.25,16.67,50,
Foods of All Nations,Off,2121 Ivy Rd,Charlottesville,Charlottesville,VA,22903,"Early Mountain Vineyards Virginia Red ""Foothills"" 2017",10/18/2019,5,5,0.42,13.33,66.67,
Foods of All Nations,Off,2121 Ivy Rd,Charlottesville,Charlottesville,VA,22903,Early Mountain Vineyards Virginia RosÃ© 2018,10/25/2019,12,12,1,,,
Foods of All Nations,Off,2121 Ivy Rd,Charlottesville,Charlottesville,VA,22903,"Early Mountain Vineyards Virginia Red ""Eluvium"" 2016",11/8/2019,3,3,0.25,,,
Foods of All Nations,Off,2121 Ivy Rd,Charlottesville,Charlottesville,VA,22903,"Early Mountain Vineyards Virginia Red ""Foothills"" 2017",11/20/2019,6,6,0.5,,,
Foods of All Nations,Off,2121 Ivy Rd,Charlottesville,Charlottesville,VA,22903,Early Mountain Vineyards Virginia Chardonnay 2017,12/20/2019,6,6,0.5,,,
Foods of All Nations,Off,2121 Ivy Rd,Charlottesville,Charlottesville,VA,22903,"Early Mountain Vineyards Virginia Red ""Eluvium"" 2017",12/20/2019,3,3,0.25,,,
Foods of All Nations,Off,2121 Ivy Rd,Charlottesville,Charlottesville,VA,22903,"Early Mountain Vineyards Virginia Red ""Foothills"" 2017",12/20/2019,6,6,0.5,,,
Foods of All Nations,off,2121 Ivy Rd,Charlottesville,Charlottesville,VA,22903,"Early Mountain Vineyards Virginia Red ""Foothills"" 2017",1/3/2020,6,6,0.5,,,
Foods of All Nations,off,2121 Ivy Rd,Charlottesville,Charlottesville,VA,22903,Early Mountain Vineyards Shenandoah Valley Cabernet Franc 2018,1/17/2020,3,3,0.25,,,
Foods of All Nations,off,2121 Ivy Rd,Charlottesville,Charlottesville,VA,22903,Early Mountain Vineyards Virginia Petit Manseng 2018,2/14/2020,3,3,0.25,,,
Foods of All Nations,off,2121 Ivy Rd,Charlottesville,Charlottesville,VA,22903,"Early Mountain Vineyards Virginia Red ""Eluvium"" 2017",2/14/2020,3,3,0.25,,,
Foods of All Nations,off,2121 Ivy Rd,Charlottesville,Charlottesville,VA,22903,"Early Mountain Vineyards Virginia Red ""Foothills"" 2018",2/14/2020,6,6,0.5,,,
Foods of All Nations,off,2121 Ivy Rd,Charlottesville,Charlottesville,VA,22903,Early Mountain Vineyards Virginia Chardonnay 2017,2/21/2020,6,6,0.5,,,
Foods of All Nations,off,2121 Ivy Rd,Charlottesville,Charlottesville,VA,22903,Early Mountain Vineyards Virginia Petit Manseng 2018,2/28/2020,3,3,0.25,,,
Foods of All Nations,off,2121 Ivy Rd,Charlottesville,Charlottesville,VA,22903,Early Mountain Vineyards Virginia RosÃ© 2019,3/6/2020,36,36,3,,,
Foods of All Nations,off,2121 Ivy Rd,Charlottesville,Charlottesville,VA,22903,Early Mountain Vineyards Shenandoah Valley Cabernet Franc 2018,3/13/2020,3,3,0.25,$20.00 ,$60.00 ,
Foods of All Nations,off,2121 Ivy Rd,Charlottesville,Charlottesville,VA,22903,Early Mountain Vineyards Virginia Petit Manseng 2018,3/13/2020,6,6,0.5,$16.67 ,$100.00 ,
Foods of All Nations,off,2121 Ivy Rd,Charlottesville,Charlottesville,VA,22903,"Early Mountain Vineyards Virginia Red ""Foothills"" 2018",3/13/2020,6,6,0.5,,,
Fort Lewis Lodge,on,603 Old Plantation Way,Valley / Western VA,Millboro,VA,24460,"Early Mountain Vineyards Virginia Red ""Foothills"" 2017",10/11/2019,12,12,1,13.33,160,
Fort Lewis Lodge,on,603 Old Plantation Way,Valley / Western VA,Millboro,VA,24460,"Early Mountain Vineyards Virginia Red ""Foothills"" 2017",10/23/2019,18,18,1.5,,,
Fortunato,on,301 1st Street SW #300,Valley/Western,Roanoke,VA,24011,Early Mountain Vineyards Virginia Petit Manseng 2018,2/12/2020,1,1,0.08,,,
Founding Farmers - Tyson's Corner,on,1800 Tyson's Blvd.,NoVA,McLean,VA,22102,"Early Mountain Vineyards ""Virginia Vines"" RosÃ© 2018",10/15/2019,12,12,1,13.33,160,
Four Seasons Hotel,on,2800 Pennsylvania Ave. NW,DC,Washington,DC,20007,"Early Mountain Vineyards Virginia Red ""Rise"" 2015",5/28/2019,6,6,0.5,,,
French Louie,on,320 Atlantic Avenue,New York,Brooklyn,NY,11201,"Early Mountain Vineyards Virginia White ""Five Forks"" 2018",10/29/2019,48,48,4,,,
Friendly City Food Co-op,off,150 E Wolfe St,Valley / Western VA,Harrisonburg,VA,22802,Early Mountain Vineyards Virginia RosÃ© 2018,10/4/2019,2,2,0.17,,,
Friendly City Food Co-op,off,150 E Wolfe St,Valley / Western VA,Harrisonburg,VA,22802,Early Mountain Vineyards Virginia RosÃ© 2018,10/9/2019,3,3,0.25,,,
Friendly City Food Co-op,off,150 E Wolfe St,Valley / Western VA,Harrisonburg,VA,22802,"Early Mountain Vineyards Virginia Red ""Foothills"" 2017",10/11/2019,2,2,0.17,13.33,26.67,
Friendly City Food Co-op,off,150 E Wolfe St,Valley / Western VA,Harrisonburg,VA,22802,"Early Mountain Vineyards Virginia Red ""Foothills"" 2017",10/16/2019,5,5,0.42,13.33,66.67,
Friendly City Food Co-op,off,150 E Wolfe St,Valley / Western VA,Harrisonburg,VA,22802,Early Mountain Vineyards Virginia RosÃ© 2018,10/16/2019,1,1,0.08,,,
Friendly City Food Co-op,off,150 E Wolfe St,Valley / Western VA,Harrisonburg,VA,22802,"Early Mountain Vineyards Virginia Red ""Foothills"" 2017",10/23/2019,2,2,0.17,,,
Friendly City Food Co-op,off,150 E Wolfe St,Valley / Western VA,Harrisonburg,VA,22802,Early Mountain Vineyards Virginia RosÃ© 2018,10/23/2019,2,2,0.17,,,
Friendly City Food Co-op,off,150 E Wolfe St,Valley / Western VA,Harrisonburg,VA,22802,"Early Mountain Vineyards Virginia Red ""Foothills"" 2017",12/30/2019,6,6,0.5,,,
Friendly City Food Co-op,off,150 E Wolfe St,Valley/Western,Harrisonburg,VA,22802,"Early Mountain Vineyards Virginia Red ""Foothills"" 2017",1/15/2020,5,5,0.42,,,
Friendly City Food Co-op,off,150 E Wolfe St,Valley/Western,Harrisonburg,VA,22802,"Early Mountain Vineyards Virginia Red ""Foothills"" 2018",2/5/2020,6,6,0.5,,,
Friendly City Food Co-op,off,150 E Wolfe St,Valley/Western,Harrisonburg,VA,22802,"Early Mountain Vineyards Virginia Red ""Foothills"" 2018",2/12/2020,3,3,0.25,,,
Friendly City Food Co-op,off,150 E Wolfe St,Valley/Western,Harrisonburg,VA,22802,"Early Mountain Vineyards Virginia Red ""Foothills"" 2018",2/19/2020,4,4,0.33,,,
Friendly City Food Co-op,off,150 E Wolfe St,Valley/Western,Harrisonburg,VA,22802,Early Mountain Vineyards Virginia Petit Manseng 2018,2/26/2020,3,3,0.25,,,
Friendly City Food Co-op,off,150 E Wolfe St,Valley/Western,Harrisonburg,VA,22802,"Early Mountain Vineyards Virginia Red ""Foothills"" 2018",2/26/2020,2,2,0.17,,,
Friendly City Food Co-op,off,150 E Wolfe St,Valley/Western,Harrisonburg,VA,22802,Early Mountain Vineyards Virginia RosÃ© 2019,3/6/2020,6,6,0.5,,,
Friendly City Food Co-op,off,150 E Wolfe St,Valley/Western,Harrisonburg,VA,22802,"Early Mountain Vineyards Virginia Red ""Foothills"" 2018",3/11/2020,3,3,0.25,,,
Fry's Spring Beach Club,on,2513 Jefferson Park Ave,Charlottesville,Charlottesville,VA,22903,Early Mountain Vineyards Virginia Petit Manseng 2018,3/6/2020,4,4,0.33,$16.67 ,$66.67 ,
Fry's Spring Beach Club,on,2513 Jefferson Park Ave,Charlottesville,Charlottesville,VA,22903,Early Mountain Vineyards Virginia RosÃ© 2019,3/6/2020,4,4,0.33,,,
Gaskins,on,2 Chiurch Street,New York,Germantown,NY,12526,"Early Mountain Vineyards Virginia ""Young Wine"" Chambourcin 2018",11/20/2019,36,36,3,,,
Geeks Wine,off,559 Main Street,New York,Armonk,NY,10504,"Early Mountain Vineyards Virginia White ""Five Forks"" 2018",11/7/2019,48,48,4,,,
Glen's Garden Market,on/off,2001 S St. NW,DC,Washington,DC,20009,Early Mountain Vineyards Shenandoah Valley Cabernet Franc 2017,10/3/2019,12,12,1,20,240,
Glen's Garden Market,on/off,2001 S St. NW,DC,Washington,DC,20009,"Early Mountain Vineyards Virginia Red ""Foothills"" 2017",10/3/2019,12,12,1,13.33,160,
Glen's Garden Market,on/off,2001 S St. NW,DC,Washington,DC,20009,Early Mountain Vineyards Shenandoah Valley Cabernet Franc 2017,10/8/2019,6,6,0.5,20,120,
Glen's Garden Market,on/off,2001 S St. NW,DC,Washington,DC,20009,"Early Mountain Vineyards Virginia Red ""Foothills"" 2017",10/8/2019,12,12,1,13.33,160,
Glen's Garden Market,on/off,2001 S St. NW,DC,Washington,DC,20009,Early Mountain Vineyards Virginia RosÃ© 2018,10/8/2019,36,36,3,,,
Glen's Garden Market,on/off,2001 S St. NW,DC,Washington,DC,20009,"Early Mountain Vineyards Virginia White ""Five Forks"" 2018",10/8/2019,12,12,1,,,
Glen's Garden Market,on/off,2001 S St. NW,DC,Washington,DC,20009,Early Mountain Vineyards Virginia PÃ©tillant Naturel Red 2018,10/25/2019,12,12,1,,,
Glen's Garden Market,on/off,2001 S St. NW,DC,Washington,DC,20009,"Early Mountain Vineyards Virginia Red ""Foothills"" 2017",10/25/2019,12,12,1,,,
Glen's Garden Market,on/off,2001 S St. NW,DC,Washington,DC,20009,"Early Mountain Vineyards Virginia Red ""Foothills"" 2017",11/8/2019,36,36,3,,,
Glen's Garden Market,on/off,2001 S St. NW,DC,Washington,DC,20009,Early Mountain Vineyards Shenandoah Valley Cabernet Franc 2017,11/15/2019,12,12,1,,,
Glen's Garden Market,on/off,2001 S St. NW,DC,Washington,DC,20009,Early Mountain Vineyards Shenandoah Valley Cabernet Franc 2018,11/22/2019,6,6,0.5,,,
Glen's Garden Market,on/off,2001 S St. NW,DC,Washington,DC,20009,"Early Mountain Vineyards Virginia Red ""Foothills"" 2017",12/5/2019,36,36,3,,,
Glen's Garden Market,on/off,2001 S St. NW,DC,Washington,DC,20009,"Early Mountain Vineyards Virginia Red ""Foothills"" 2017",12/20/2019,36,36,3,,,
Glen's Garden Market,on/off,2001 S St. NW,DC,Washington,DC,20009,Early Mountain Vineyards Shenandoah Valley Cabernet Franc 2018,1/10/2020,6,6,0.5,,,
Glen's Garden Market,on/off,2001 S St. NW,DC,Washington,DC,20009,"Early Mountain Vineyards Virginia Red ""Foothills"" 2017",1/10/2020,36,36,3,,,
Glen's Garden Market,on/off,2001 S St. NW,DC,Washington,DC,20009,Early Mountain Vineyards Shenandoah Valley Cabernet Franc 2018,1/21/2020,6,6,0.5,,,
Glen's Garden Market,on/off,2001 S St. NW,DC,Washington,DC,20009,Early Mountain Vineyards Shenandoah Valley Cabernet Franc 2018,2/7/2020,6,6,0.5,,,
Glen's Garden Market,on/off,2001 S St. NW,DC,Washington,DC,20009,"Early Mountain Vineyards Virginia Red ""Foothills"" 2018",2/7/2020,36,36,3,,,
Glen's Garden Market,on/off,2001 S St. NW,DC,Washington,DC,20009,Early Mountain Vineyards Shenandoah Valley Cabernet Franc 2018,3/6/2020,6,6,0.5,$20.00 ,$120.00 ,
Glen's Garden Market,on/off,2001 S St. NW,DC,Washington,DC,20009,"Early Mountain Vineyards Virginia Red ""Foothills"" 2018",3/6/2020,36,36,3,,,
Glen's Garden Market,on/off,2001 S St. NW,DC,Washington,DC,20009,Early Mountain Vineyards Virginia RosÃ© 2019,3/6/2020,60,60,5,,,
Glen's Garden Market,on/off,2001 S St. NW,DC,Washington,DC,20009,Early Mountain Vineyards Virginia RosÃ© 2019,3/13/2020,60,60,5,,,
Glen's Garden Market,on/off,2001 S St. NW,DC,Washington,DC,20009,Early Mountain Vineyards Shenandoah Valley Cabernet Franc 2018,3/20/2020,6,6,0.5,$20.00 ,$120.00 ,
Glen's Garden Market,on/off,2001 S St. NW,DC,Washington,DC,20009,Early Mountain Vineyards Virginia RosÃ© 2019,3/20/2020,36,36,3,,,
Glen's Garden Market,on/off,2001 S St. NW,DC,Washington,DC,20009,Early Mountain Vineyards Shenandoah Valley Cabernet Franc 2018,3/27/2020,6,6,0.5,$20.00 ,$120.00 ,
Glen's Garden Market,on/off,2001 S St. NW,DC,Washington,DC,20009,Early Mountain Vineyards Virginia RosÃ© 2019,3/27/2020,36,36,3,,,
Good Wine,off,327 Fifth Avenue,New York,Brooklyn,NY,11215,Early Mountain Vineyards Virginia Petit Manseng 2017,10/9/2019,12,12,1,16.67,200,
Good Wine,off,285 West Broadway,New York,New York,NY,10013,"Early Mountain Vineyards Virginia Red ""Foothills"" 2017",11/25/2019,12,12,1,,,
Good Wine,off,327 5th Ave,New York,Brooklyn,NY,11215,"Early Mountain Vineyards Virginia Red ""Foothills"" 2017",12/6/2019,24,24,2,,,
Good Wine,off,285 West Broadway,Manhattan,New York,NY,10013,"Early Mountain Vineyards Virginia Red ""Foothills"" 2017",1/3/2020,24,24,2,,,
Grape D'Vine,off,6 Depot Square,Hudson Valley,Sparkill,NY,10976,Early Mountain Vineyards Virginia Petit Manseng 2017,12/20/2019,48,48,4,,,
Greenwood,off,6701 Rockfish Gap TPK,Charlottesville,Crozet,VA,22932,Early Mountain Vineyards Virginia Petit Manseng 2017,10/4/2019,3,3,0.25,16.67,50,
Greenwood,off,6701 Rockfish Gap TPK,Charlottesville,Crozet,VA,22932,Early Mountain Vineyards Shenandoah Valley Cabernet Franc 2017,10/25/2019,6,6,0.5,,,
Greenwood,off,6701 Rockfish Gap TPK,Charlottesville,Crozet,VA,22932,"Early Mountain Vineyards Virginia Red ""Eluvium"" 2016",10/25/2019,6,6,0.5,,,
Greenwood,off,6701 Rockfish Gap TPK,Charlottesville,Crozet,VA,22932,"Early Mountain Vineyards Virginia White ""Five Forks"" 2017",10/25/2019,6,6,0.5,,,
Greenwood,off,6701 Rockfish Gap TPK,Charlottesville,Crozet,VA,22932,Early Mountain Vineyards Shenandoah Valley Cabernet Franc 2017,11/15/2019,3,3,0.25,,,
Greenwood,off,6701 Rockfish Gap TPK,Charlottesville,Crozet,VA,22932,Early Mountain Vineyards Shenandoah Valley Cabernet Franc 2018,11/22/2019,3,3,0.25,,,
Greenwood,off,6701 Rockfish Gap TPK,Charlottesville,Crozet,VA,22932,"Early Mountain Vineyards Virginia Red ""Foothills"" 2017",12/20/2019,3,3,0.25,,,
Greenwood,off,6701 Rockfish Gap TPK,Charlottesville,Crozet,VA,22932,Early Mountain Vineyards Shenandoah Valley Cabernet Franc 2018,12/27/2019,3,3,0.25,,,
Greenwood,off,6701 Rockfish Gap TPK,Charlottesville,Crozet,VA,22932,Early Mountain Vineyards Virginia Chardonnay 2017,12/27/2019,3,3,0.25,,,
Greenwood,off,6701 Rockfish Gap TPK,Charlottesville,Crozet,VA,22932,"Early Mountain Vineyards Virginia Red ""Foothills"" 2017",12/27/2019,3,3,0.25,,,
Greenwood,off,6701 Rockfish Gap TPK,Charlottesville,Crozet,VA,22932,"Early Mountain Vineyards Virginia Red ""Foothills"" 2017",1/31/2020,3,3,0.25,,,
Greenwood,off,6701 Rockfish Gap TPK,Charlottesville,Crozet,VA,22932,Early Mountain Vineyards Virginia Chardonnay 2017,2/14/2020,3,3,0.25,,,
Greenwood,off,6701 Rockfish Gap TPK,Charlottesville,Crozet,VA,22932,Early Mountain Vineyards Virginia Chardonnay Quaker Run 2017,2/14/2020,3,3,0.25,,,
Greenwood,off,6701 Rockfish Gap TPK,Charlottesville,Crozet,VA,22932,"Early Mountain Vineyards Virginia Red ""Eluvium"" 2017",2/21/2020,3,3,0.25,,,
Greenwood,off,6701 Rockfish Gap TPK,Charlottesville,Crozet,VA,22932,"Early Mountain Vineyards Virginia Red ""Foothills"" 2018",2/28/2020,3,3,0.25,,,
Grisette,on,3119 East Marshall Street,Richmond,Richmond,VA,23223,Early Mountain Vineyards Virginia Petit Manseng 2018,3/6/2020,3,3,0.25,$16.67 ,$50.00 ,
Grisette,on,3119 East Marshall Street,Richmond,Richmond,VA,23223,Early Mountain Vineyards Virginia Petit Manseng 2018,3/11/2020,6,6,0.5,$15.00 ,$90.00 ,
Hamilton's,on,101 W Main St,Charlottesville,Charlottesville,VA,22902,Early Mountain Vineyards Shenandoah Valley Cabernet Franc 2017,10/25/2019,12,12,1,,,
Hamilton's,on,101 W Main St,Charlottesville,Charlottesville,VA,22902,Early Mountain Vineyards Virginia RosÃ© 2019,3/6/2020,12,12,1,,,
HAZEL JANE'S,On,670 DEKALB AVE,ATLANTA,ATLANTA,GA,30307,EARLY MOUNTAIN PETITE MANSENG 2016,Jan-20,0.25,0.25,0.02,,,
HAZEL JANE'S,On,670 DEKALB AVE,ATLANTA,ATLANTA,GA,30307,EARLY MOUNTAIN PETITE MANSENG 2016,Feb-20,0.08,0.08,0.01,,,
HAZEL JANE'S,on ,670 DEKALB AVE,,ATLANTA,GA,30207826,EARLY MOUNTAIN PETITE MANSENG,Mar-20,0.08,0.08,0.01,,,
HEIRLOOM CAFE,on,815 N CHASE ST,ATHENS,ATHENS,GA,30601,EARLY MOUNTAIN VINEYARDS ROSE 2018,Feb-20,2,2,0.17,,,
HEIRLOOM CAFE,on,815 N CHASE ST,ATHENS,ATHENS,GA,30601,EARLY MOUNTAIN VINEYARDS FIVE FORKS WHITE BLEND 2018,Feb-20,0.67,0.67,0.06,,,
HEIRLOOM CAFE,on ,815 N CHASE ST,ATHENS,ATHENS,GA,30601,EARLY MOUNTAIN VINEYARDS FOOTHILLS RED BLEND 2017,Feb-20,0.67,0.67,0.06,,,
Henry's,off,69 Central Avenue,New York,Brooklyn,NY,11206,"Early Mountain Vineyards Virginia ""Young Wine"" Chambourcin 2018",10/24/2019,48,48,4,,,
High Street on Hudson,on,637 Hudson St,New York,Manhattan,NY,10014,Early Mountain Vineyards Virginia Chardonnay 2017,12/5/2019,24,24,2,,,
High Street on Hudson,on,285 West Broadway #330,NY,Manhattan,NY,10013,Early Mountain Vineyards Virginia Chardonnay 2017,3/12/2020,36,36,3,$15.83 ,$570.00 ,
Hill of Content,on,"833 Tinsley Dr,",Radiant,Charlottesville,VA,22732,Early Mountain Vineyards Shenandoah Valley Cabernet Franc 2018,2/11/2020,6,6,0.5,,,
Hill of Content,on,"833 Tinsley Dr,",Radiant,Charlottesville,VA,22732,Early Mountain Vineyards Virginia Chardonnay 2018,2/11/2020,6,6,0.5,,,
Hill of Content,on,"833 Tinsley Dr,",Radiant,Charlottesville,VA,22732,Early Mountain Vineyards Virginia Petit Manseng 2018,2/11/2020,6,6,0.5,,,
Hill of Content,on,"833 Tinsley Dr,",Radiant,Charlottesville,VA,22732,"Early Mountain Vineyards Virginia Red ""Eluvium"" 2017",2/11/2020,6,6,0.5,,,
HOME.MADE,On,1072 BAXTER STREET,ATHENS,ATHENS,GA,30606,EARLY MOUNTAIN VINEYARDS ROSE 2018,Jan-20,0.5,0.5,0.04,,,
HOME.MADE,On,1072 BAXTER STREET,ATHENS,ATHENS,GA,30606,EARLY MOUNTAIN VINEYARDS FOOTHILLS RED BLEND 2017,Jan-20,0.5,0.5,0.04,,,
HOME.MADE ,On ,1072 Baxter St,Athens,Athens,GA,30606,EARLY MOUNTAIN VINEYARDS ROSE 2018,2019-11,6,6,0.5,,,
HOME.MADE   ,On ,1072 Baxter St,Athens,Athens,GA,30606,EARLY MOUNTAIN VINEYARDS ROSE 2018,2019-09,6,6,0.5,,,
HOP CITY KROG STREET MARKET   ,On ,99 Krog St NE,Atlanta,Atlanta,GA,30307,EARLY MOUNTAIN VINEYARDS ROSE 2018,2019-09,12,12,1,,,
Hot Cakes,off,Barracks Road Shopping Center,Charlottesville,Charlottesville,VA,22903,"Early Mountain Vineyards Virginia Red ""Foothills"" 2017",12/6/2019,4,4,0.33,,,
In Vino Veritas,off,3015 Louisa Rd,Charlottesville,Keswick,VA,22947,Early Mountain Vineyards Shenandoah Valley Cabernet Franc 2018,12/18/2019,12,12,1,,,
In Vino Veritas,off,3015 Louisa Rd,Charlottesville,Keswick,VA,22947,Early Mountain Vineyards Virginia Chardonnay Quaker Run 2017,12/18/2019,12,12,1,,,
In Vino Veritas,off,3015 Louisa Rd,Charlottesville,Keswick,VA,22947,"Early Mountain Vineyards Virginia Red ""Eluvium"" 2017",12/18/2019,12,12,1,,,
Inn at Gristmill Square,on,118 Old Germantown Rd,Valley / Western VA,Warm Springs,VA,24484,"Early Mountain Vineyards Virginia ""Young Wine"" Chambourcin 2018",10/2/2019,12,12,1,12,144,
Inn at Gristmill Square,on,118 Old Germantown Rd,Valley / Western VA,Warm Springs,VA,24484,Early Mountain Vineyards Virginia RosÃ© 2018,10/2/2019,12,12,1,,,
Inn at Gristmill Square,on,118 Old Germantown Rd,Valley / Western VA,Warm Springs,VA,24484,"Early Mountain Vineyards Virginia White ""Five Forks"" 2018",10/2/2019,12,12,1,,,
Inn at Warm Springs,on,12968 Sam Snead Hwy,Valley/Western,Warm Springs,VA,24484,"Early Mountain Vineyards Virginia Red ""Foothills"" 2018",3/11/2020,12,12,1,,,
Ivy Inn,on,2244 Old Ivy Rd.,Charlottesville,Charlottesville,VA,22903-4817,Early Mountain Vineyards Virginia Chardonnay 2017,10/11/2019,12,12,1,16.67,200,
Ivy Inn,on,2244 Old Ivy Rd.,Charlottesville,Charlottesville,VA,22903-4817,"Early Mountain Vineyards Virginia Red ""Eluvium"" 2016",10/11/2019,12,12,1,23.33,280,
Ivy Inn,on,2244 Old Ivy Rd.,Charlottesville,Charlottesville,VA,22903-4817,Early Mountain Vineyards Virginia Chardonnay 2017,11/15/2019,12,12,1,,,
Ivy Inn,on,2244 Old Ivy Rd.,Charlottesville,Charlottesville,VA,22903-4817,"Early Mountain Vineyards Virginia Red ""Rise"" 2015 (3-pack)",11/22/2019,6,6,0.5,,,
Ivy Inn,on,2244 Old Ivy Rd.,Charlottesville,Charlottesville,VA,22903-4817,"Early Mountain Vineyards Virginia Red ""Eluvium"" 2017",12/23/2019,12,12,1,,,
Ivy Inn,on,2244 Old Ivy Rd.,Charlottesville,Charlottesville,VA,22903-4817,Early Mountain Vineyards Virginia Petit Manseng 2018,1/15/2020,6,6,0.5,,,
Ivy Inn,on,2244 Old Ivy Rd.,Charlottesville,Charlottesville,VA,22903-4817,"Early Mountain Vineyards Virginia Red ""Eluvium"" 2017",1/15/2020,12,12,1,,,
Ivy Inn,on,2244 Old Ivy Rd.,Charlottesville,Charlottesville,VA,22903-4817,Early Mountain Vineyards Virginia Chardonnay 2017,2/14/2020,12,12,1,,,
J Emerson,off,5716 Grove Ave,Richmond,Richmond,VA,23226,"Early Mountain Vineyards Virginia Red ""Eluvium"" 2016",10/4/2019,12,12,1,23.33,280,
J Emerson,off,5716 Grove Ave,Richmond,Richmond,VA,23226,"Early Mountain Vineyards Virginia Red ""Foothills"" 2017",10/9/2019,3,3,0.25,13.33,40,
J Emerson,off,5716 Grove Ave,Richmond,Richmond,VA,23226,"Early Mountain Vineyards Virginia Red ""Foothills"" 2017",10/25/2019,3,3,0.25,,,
J Emerson,off,5716 Grove Ave,Richmond,Richmond,VA,23226,"Early Mountain Vineyards Virginia Red ""Foothills"" 2017",11/15/2019,3,3,0.25,,,
J Emerson,off,5716 Grove Ave,Richmond,Richmond,VA,23226,"Early Mountain Vineyards Virginia Red ""Foothills"" 2017",11/22/2019,3,3,0.25,,,
J Emerson,off,5716 Grove Ave,Richmond,Richmond,VA,23226,"Early Mountain Vineyards Virginia Red ""Eluvium"" 2016",11/27/2019,3,3,0.25,,,
J Emerson,off,5716 Grove Ave,Richmond,Richmond,VA,23226,"Early Mountain Vineyards Virginia Red ""Foothills"" 2017",12/6/2019,3,3,0.25,,,
J Emerson,off,5716 Grove Ave,Richmond,Richmond,VA,23226,"Early Mountain Vineyards Virginia Red ""Foothills"" 2017",12/17/2019,3,3,0.25,,,
J Emerson,off,5716 Grove Ave,RIchmond,Richmond,VA,23226,Early Mountain Vineyards Virginia Chardonnay 2017,1/3/2020,12,12,1,,,
J Emerson,off,5716 Grove Ave,Richmond,Richmond,VA,23226,"Early Mountain Vineyards Virginia Red ""Foothills"" 2017",1/15/2020,3,3,0.25,,,
J Emerson,off,5716 Grove Ave,Richmond,Richmond,VA,23226,"Early Mountain Vineyards Virginia Red ""Foothills"" 2018",2/14/2020,3,3,0.25,,,
J Emerson,off,5716 Grove Ave,Richmond,Richmond,VA,23226,"Early Mountain Vineyards Virginia Red ""Foothills"" 2018",2/26/2020,3,3,0.25,,,
J Emerson,off,5716 Grove Ave,Richmond,Richmond,VA,23226,"Early Mountain Vineyards Virginia Red ""Foothills"" 2018",3/4/2020,3,3,0.25,,,
J Emerson,off,5716 Grove Ave,Richmond,Richmond,VA,23226,"Early Mountain Vineyards Virginia Red ""Foothills"" 2018",3/18/2020,3,3,0.25,,,
J Emerson,off,5716 Grove Ave,Richmond,Richmond,VA,23226,"Early Mountain Vineyards Virginia Red ""Foothills"" 2018",3/20/2020,12,12,1,,,
J Emerson,off,5716 Grove Ave,Richmond,Richmond,VA,23226,Early Mountain Vineyards Virginia RosÃ© 2019,3/20/2020,12,12,1,,,
J Emerson,off,5716 Grove Ave,Richmond,Richmond,VA,23226,Early Mountain Vineyards Virginia RosÃ© 2019,3/25/2020,12,12,1,,,
Jefferson Hotel,on,101 W Franklin St,Richmond,Richmond,VA,23220,"Early Mountain Vineyards Virginia Red ""Eluvium"" 2016",10/21/2019,6,6,0.5,23.33,140,
Jefferson Hotel,on,101 W Franklin St,Richmond,Richmond,VA,23220,"Early Mountain Vineyards Virginia White ""Five Forks"" 2018",10/21/2019,6,6,0.5,,,
Jefferson Hotel,on,101 W Franklin St,Richmond,Richmond,VA,23220,"Early Mountain Vineyards Virginia Red ""Foothills"" 2017",10/23/2019,24,24,2,,,
Jefferson Hotel,on,101 W Franklin St,Richmond,Richmond,VA,23220,"Early Mountain Vineyards Virginia White ""Five Forks"" 2018",10/23/2019,12,12,1,,,
Jefferson Hotel,on,101 W Franklin St,Richmond,Richmond,VA,23220,"Early Mountain Vineyards Virginia Red ""Foothills"" 2017",11/13/2019,12,12,1,,,
Jefferson Hotel,on,101 W Franklin St,Richmond,Richmond,VA,23220,"Early Mountain Vineyards Virginia Red ""Foothills"" 2017",11/20/2019,24,24,2,,,
Jefferson Hotel,on,101 W Franklin St,Richmond,Richmond,VA,23220,"Early Mountain Vineyards Virginia Red ""Foothills"" 2017",11/27/2019,24,24,2,,,
Jefferson Hotel,on,101 W Franklin St,Richmond,Richmond,VA,23220,"Early Mountain Vineyards Virginia Red ""Foothills"" 2017",12/6/2019,36,36,3,,,
Jefferson Hotel,on,101 W Franklin St,Richmond,Richmond,VA,23220,"Early Mountain Vineyards Virginia Red ""Foothills"" 2017",12/13/2019,12,12,1,,,
Jefferson Hotel,on,101 W Franklin St,Richmond,Richmond,VA,23220,"Early Mountain Vineyards Virginia Red ""Eluvium"" 2017",12/27/2019,12,12,1,,,
Jefferson Hotel,on,101 W Franklin St,Richmond,Richmond,VA,23220,"Early Mountain Vineyards Virginia Red ""Foothills"" 2017",12/27/2019,60,60,5,,,
Jefferson Hotel,on,101 W Franklin St,Richmond,Richmond,VA,23220,"Early Mountain Vineyards Virginia Red ""Foothills"" 2018",2/17/2020,36,36,3,,,
Jefferson Hotel,on,101 W Franklin St,Richmond,Richmond,VA,23220,"Early Mountain Vineyards Virginia Red ""Foothills"" 2018",2/28/2020,24,24,2,,,
Kings County Wines,off,1420 Cortelyou Road,New York,Brooklyn,NY,11226,Early Mountain Vineyards Virginia Petit Manseng 2017,11/11/2019,24,24,2,,,
Kings County Wines,off,1420 Cortelyou Road,New York,Brooklyn,NY,11226,"Early Mountain Vineyards Virginia Red ""Foothills"" 2017",11/20/2019,48,48,4,,,
Kings County Wines,off,285 West Broadway,Manhattan,New York,NY,10013,"Early Mountain Vineyards Virginia Red ""Foothills"" 2017",1/22/2020,48,48,4,,,
L'Auberge Chez Francois,on,332 Springvale Rd,NoVA,Great Falls,VA,22066,"Early Mountain Vineyards Virginia Red ""Foothills"" 2017",10/15/2019,36,36,3,12,432,
L'Auberge Chez Francois,on,332 Springvale Rd,NoVA,Great Falls,VA,22066,"Early Mountain Vineyards Virginia White ""Five Forks"" 2018",10/15/2019,36,36,3,,,
La Fromagerie,On/Off,1222 King St,NoVa,Alexandria,VA,22314-2927,Early Mountain Vineyards Shenandoah Valley Cabernet Franc 2017,10/1/2019,12,12,1,20,240,
La Fromagerie,On/Off,1222 King St,NoVa,Alexandria,VA,22314-2927,Early Mountain Vineyards Virginia Chardonnay Quaker Run 2016,10/10/2019,3,3,0.25,20,60,
La Fromagerie,On/Off,1222 King St,NoVa,Alexandria,VA,22314-2927,Early Mountain Vineyards Virginia PÃ©tillant Naturel Red 2018,10/10/2019,6,6,0.5,16.67,100,
La Fromagerie,On/Off,1222 King St,NoVa,Alexandria,VA,22314-2927,Early Mountain Vineyards Cabernet Franc Quaker Run 2017,10/22/2019,3,3,0.25,20,60,
La Fromagerie,On/Off,1222 King St,NoVa,Alexandria,VA,22314-2927,Early Mountain Vineyards Shenandoah Valley Cabernet Franc 2017,10/22/2019,8,8,0.67,20,160,
La Fromagerie,On/Off,1222 King St,NoVa,Alexandria,VA,22314-2927,Early Mountain Vineyards Virginia Chardonnay Quaker Run 2016,10/22/2019,8,8,0.67,20,160,
La Fromagerie,On/Off,1222 King St,NoVa,Alexandria,VA,22314-2927,Early Mountain Vineyards Virginia Petit Manseng 2017,10/22/2019,8,8,0.67,16.67,133.33,
La Fromagerie,On/Off,1222 King St,NoVa,Alexandria,VA,22314-2927,Early Mountain Vineyards Virginia Petit Manseng Demi-Sec 2017 500ml,10/22/2019,8,8,0.67,20,160,
La Fromagerie,On/Off,1222 King St,NoVa,Alexandria,VA,22314-2927,"Early Mountain Vineyards Virginia Red ""Eluvium"" 2016",10/22/2019,8,8,0.67,,,
La Fromagerie,On/Off,1222 King St,NoVa,Alexandria,VA,22314-2927,"Early Mountain Vineyards Virginia Red ""Eluvium"" 2016",10/22/2019,8,8,0.67,23.33,186.67,
La Fromagerie,On/Off,1222 King St,NoVa,Alexandria,VA,22314-2927,Early Mountain Vineyards Virginia Petit Manseng 2017,10/24/2019,36,36,3,,,
La Fromagerie,On/Off,1222 King St,NoVa,Alexandria,VA,22314-2927,Early Mountain Vineyards Shenandoah Valley Cabernet Franc 2017,11/1/2019,4,4,0.33,,,
La Fromagerie,On/Off,1222 King St,NoVa,Alexandria,VA,22314-2927,Early Mountain Vineyards Virginia Chardonnay Quaker Run 2016,11/7/2019,12,12,1,,,
La Fromagerie,on/off,1222 King St,NoVA,Alexandria,VA,22314-2927,Early Mountain Vineyards Virginia Chardonnay Quaker Run 2017,2/6/2020,3,3,0.25,,,
La Fromagerie,on/off,1222 King St,NoVA,Alexandria,VA,22314-2927,Early Mountain Vineyards Shenandoah Valley Cabernet Franc 2018,3/12/2020,3,3,0.25,$20.00 ,$60.00 ,
Lafayette Inn,on,146 Main St,Charlottesville,Stanardsville,VA,22973-2970,Early Mountain Vineyards Shenandoah Valley Cabernet Franc 2017,10/25/2019,12,12,1,,,
Libbie Market,off,400 Libbie Ave.,Richmond,Richmond,VA,23226,Early Mountain Vineyards Shenandoah Valley Cabernet Franc 2018,3/11/2020,3,3,0.25,$20.00 ,$60.00 ,
Libbie Market,off,400 Libbie Ave.,Richmond,Richmond,VA,23226,Early Mountain Vineyards Virginia Petit Manseng 2018,3/11/2020,3,3,0.25,$16.67 ,$50.00 ,
Libbie Market,off,400 Libbie Ave.,Richmond,Richmond,VA,23226,"Early Mountain Vineyards Virginia Red ""Eluvium"" 2017",3/11/2020,3,3,0.25,$26.67 ,$80.00 ,
Libbie Market,off,400 Libbie Ave.,Richmond,Richmond,VA,23226,Early Mountain Vineyards Virginia RosÃ© 2019,3/11/2020,12,12,1,,,
Little Red Fox,on/off,5035 Connecticut Ave. NW,DC,Washington,DC,20008,Early Mountain Vineyards Shenandoah Valley Cabernet Franc 2017,11/8/2019,36,36,3,,,
Little Red Fox,on/off,5035 Connecticut Ave. NW,DC,Washington,DC,20008,Early Mountain Vineyards Shenandoah Valley Cabernet Franc 2018,12/19/2019,36,36,3,,,
Little Red Fox,on/off,5035 Connecticut Ave. NW,DC,Washington,DC,20008,Early Mountain Vineyards Shenandoah Valley Cabernet Franc 2018,2/27/2020,36,36,3,,,
"Local, The",on,824 Hinton Ave,Charlottesville,Charlottesville,VA,22901,"Early Mountain Vineyards Virginia Red ""Eluvium"" 2017",2/19/2020,3,3,0.25,,,
Locke Store,off,2049 Millwood Rd.,NoVA,Millwood,VA,22646,"Early Mountain Vineyards Virginia Red ""Rise"" 2015",3/7/2019,6,6,0.5,,,
Locke Store,off,2049 Millwood Rd.,NoVA,Millwood,VA,22646,Early Mountain Vineyards Virginia Chardonnay Quaker Run 2016,1/9/2020,3,3,0.25,,,
Locke Store,off,2049 Millwood Rd.,NoVA,Millwood,VA,22646,Early Mountain Vineyards Virginia RosÃ© 2019,3/5/2020,36,36,3,,,
Lucky,on,18 Kirk Ave SW,Valley/Western,Roanoke,VA,24011,Early Mountain Vineyards Virginia Chardonnay 2017,2/12/2020,1,1,0.08,,,
Lucky,on,18 Kirk Ave SW,Valley/Western,Roanoke,VA,24011,Early Mountain Vineyards Virginia Chardonnay 2018,3/11/2020,1,1,0.08,$16.67 ,$16.67 ,
Magnolia's at the Mill,on,198 North 21st Street,NoVA,Purcelville,VA,20132,"Early Mountain Vineyards Virginia Red ""Foothills"" 2017",12/17/2019,12,12,1,,,
Main (The),on,100 E. Main Street,Tidewater,Norfolk,VA,23510,"Early Mountain Vineyards Virginia Red ""Rise"" 2015",6/12/2019,6,6,0.5,,,
Main (The),on,100 E. Main Street,Tidewater,Norfolk,VA,23510,"Early Mountain Vineyards Virginia Red ""Rise"" 2015",7/24/2019,3,3,0.25,,,
Main (The),on,100 E. Main Street,Tidewater,Norfolk,VA,23510,Early Mountain Vineyards Shenandoah Valley Cabernet Franc 2017,10/16/2019,3,3,0.25,20,60,
Main (The),on,100 E. Main Street,Tidewater,Norfolk,VA,23510,Early Mountain Vineyards Shenandoah Valley Cabernet Franc 2017,10/16/2019,24,24,2,20,480,
Main (The),on,100 E. Main Street,Tidewater,Norfolk,VA,23510,"Early Mountain Vineyards Virginia Red ""Eluvium"" 2016",10/16/2019,12,12,1,23.33,280,
Mama Chang,on,3251 Old Lee Hwy,NoVa,Fairfax,VA,22030,Early Mountain Vineyards Virginia RosÃ© 2018,10/31/2019,12,12,1,,,
Market Street Wine Shop,off,311 East Market St,Charlottesville,Charlottesville,VA,22902,"Early MountainVineyards Virginia Red ""Novum"" 2016",10/2/2019,12,12,1,,,
Market Street Wine Shop,off,311 East Market St,Charlottesville,Charlottesville,VA,22902,Early Mountain Vineyards Virginia Petit Manseng 2017,10/9/2019,5,5,0.42,16.67,83.33,
Market Street Wine Shop,off,311 East Market St,Charlottesville,Charlottesville,VA,22902,"Early Mountain Vineyards Virginia Red ""Foothills"" 2017",10/16/2019,6,6,0.5,13.33,80,
Market Street Wine Shop,off,311 East Market St,Charlottesville,Charlottesville,VA,22902,Early Mountain Vineyards Virginia Petit Manseng 2017,10/23/2019,12,12,1,,,
Market Street Wine Shop,off,311 East Market St,Charlottesville,Charlottesville,VA,22902,"Early Mountain Vineyards Virginia Red ""Eluvium"" 2016",10/23/2019,5,5,0.42,,,
Market Street Wine Shop,off,311 East Market St,Charlottesville,Charlottesville,VA,22902,Early Mountain Vineyards Virginia Chardonnay 2017,10/30/2019,4,4,0.33,,,
Market Street Wine Shop,off,311 East Market St,Charlottesville,Charlottesville,VA,22902,"Early Mountain Vineyards Virginia Red ""Foothills"" 2017",11/6/2019,6,6,0.5,,,
Market Street Wine Shop,off,311 East Market St,Charlottesville,Charlottesville,VA,22902,Early Mountain Vineyards Virginia Chardonnay 2017,11/25/2019,3,3,0.25,,,
Market Street Wine Shop,off,311 East Market St,Charlottesville,Charlottesville,VA,22902,"Early Mountain Vineyards Virginia Red ""Eluvium"" 2016",11/27/2019,5,5,0.42,,,
Market Street Wine Shop,off,311 East Market St,Charlottesville,Charlottesville,VA,22902,"Early Mountain Vineyards Virginia Red ""Foothills"" 2017",12/4/2019,6,6,0.5,,,
Market Street Wine Shop,off,311 East Market St,Charlottesville,Charlottesville,VA,22902,"Early Mountain Vineyards Virginia Red ""Eluvium"" 2016",12/18/2019,1,1,0.08,,,
Market Street Wine Shop,off,311 East Market St,Charlottesville,Charlottesville,VA,22902,"Early Mountain Vineyards Virginia Red ""Foothills"" 2017",12/18/2019,5,5,0.42,,,
Market Street Wine Shop,off,311 East Market St,Charlottesville,Charlottesville,VA,22902,"Early Mountain Vineyards Virginia Red ""Eluvium"" 2017",12/20/2019,5,5,0.42,,,
Market Street Wine Shop,off,311 East Market St,Charlottesville,Charlottesville,VA,22902,Early Mountain Vineyards Virginia Chardonnay 2017,12/23/2019,5,5,0.42,,,
Market Street Wine Shop,off,311 East Market St,Charlottesville,Charlottesville,VA,22902,"Early Mountain Vineyards Virginia Red ""Foothills"" 2017",12/27/2019,3,3,0.25,,,
Market Street Wine Shop,off,311 East Market St,Charlottesville,Charlottesville,VA,22902,"Early Mountain Vineyards Virginia Red ""Foothills"" 2017",1/8/2020,4,4,0.33,,,
Market Street Wine Shop,off,311 East Market St,Charlottesville,Charlottesville,VA,22902,"Early Mountain Vineyards Virginia Red ""Foothills"" 2017",1/17/2020,3,3,0.25,,,
Market Street Wine Shop,off,311 East Market St,Charlottesville,Charlottesville,VA,22902,"Early Mountain Vineyards Virginia Red ""Foothills"" 2018",2/7/2020,6,6,0.5,,,
Market Street Wine Shop,off,311 East Market St,Charlottesville,Charlottesville,VA,22902,"Early Mountain Vineyards Virginia Red ""Eluvium"" 2017",2/14/2020,3,3,0.25,,,
Market Street Wine Shop,off,311 East Market St,Charlottesville,Charlottesville,VA,22902,Early Mountain Vineyards Virginia RosÃ© 2019,3/6/2020,3,3,0.25,,,
Market Street Wine Shop,off,311 East Market St,Charlottesville,Charlottesville,VA,22902,Early Mountain Vineyards Virginia Chardonnay 2018,3/18/2020,2,2,0.17,$16.67 ,$33.33 ,
Market Street Wine Shop,off,311 East Market St,Charlottesville,Charlottesville,VA,22902,Early Mountain Vineyards Virginia RosÃ© 2019,3/25/2020,4,4,0.33,,,
Market Street Wine Shop,off,311 East Market St,Charlottesville,Charlottesville,VA,22902,"Early Mountain Vineyards Virginia Red ""Eluvium"" 2017",3/27/2020,2,2,0.17,$26.67 ,$53.33 ,
Momofuku DC,on,1090 I St. NW,DC,Washington,DC,20001,"Early Mountain Vineyards Virginia ""Young Wine"" Chambourcin 2018",10/18/2019,12,12,1,12,144,
Momofuku DC,on,1090 I St. NW,DC,Washington,DC,20001,"Early Mountain Vineyards Virginia ""Young Wine"" Chambourcin 2018",10/31/2019,24,24,2,,,
Momofuku DC,on,1090 I St. NW,DC,Washington,DC,20001,Early Mountain Vineyards Shenandoah Valley Cabernet Franc 2018,2/11/2020,12,12,1,,,
Momofuku DC,on,1090 I St. NW,DC,Washington,DC,20001,Early Mountain Vineyards Virginia Petit Manseng 2018,2/11/2020,12,12,1,,,
Momofuku DC,on,1090 I St. NW,DC,Washington,DC,20001,Early Mountain Vineyards Virginia Petit Manseng 2018,3/13/2020,12,12,1,$15.00 ,$180.00 ,
Mona Lisa,off,921 Preston Ave,Charlottesville,Charlottesville,VA,22903,Early Mountain Vineyards Virginia RosÃ© 2018,10/2/2019,3,3,0.25,,,
Mona Lisa,off,921 Preston Ave,Charlottesville,Charlottesville,VA,22903,Early Mountain Vineyards Shenandoah Valley Cabernet Franc 2017,10/18/2019,3,3,0.25,20,60,
Mona Lisa,off,921 Preston Ave,Charlottesville,Charlottesville,VA,22903,"Early Mountain Vineyards Virginia Red ""Foothills"" 2017",10/25/2019,3,3,0.25,,,
Mona Lisa,off,921 Preston Ave,Charlottesville,Charlottesville,VA,22903,Early Mountain Vineyards Virginia RosÃ© 2018,10/30/2019,4,4,0.33,,,
Mona Lisa,off,921 Preston Ave,Charlottesville,Charlottesville,VA,22903,"Early Mountain Vineyards Virginia Red ""Foothills"" 2017",11/13/2019,3,3,0.25,,,
Mona Lisa,off,921 Preston Ave,Charlottesville,Charlottesville,VA,22903,Early Mountain Vineyards Shenandoah Valley Cabernet Franc 2018,11/22/2019,2,2,0.17,,,
Mona Lisa,off,921 Preston Ave,Charlottesville,Charlottesville,VA,22903,"Early Mountain Vineyards Virginia Red ""Foothills"" 2017",12/18/2019,3,3,0.25,,,
Mona Lisa,off,921 Preston Ave,Charlottesville,Charlottesville,VA,22903,"Early Mountain Vineyards Virginia Red ""Eluvium"" 2017",12/23/2019,3,3,0.25,,,
Mona Lisa,off,921 Preston Ave,Charlottesville,Charlottesville,VA,22903,Early Mountain Vineyards Virginia Petit Manseng 2018,2/19/2020,3,3,0.25,,,
Mona Lisa,off,921 Preston Ave,Charlottesville,Charlottesville,VA,22903,"Early Mountain Vineyards Virginia Red ""Foothills"" 2018",2/19/2020,3,3,0.25,,,
Mona Lisa,off,921 Preston Ave,Charlottesville,Charlottesville,VA,22903,Early Mountain Vineyards Virginia Petit Manseng 2018,3/4/2020,3,3,0.25,$16.67 ,$50.00 ,
Mona Lisa,off,921 Preston Ave,Charlottesville,Charlottesville,VA,22903,"Early Mountain Vineyards Virginia Red ""Foothills"" 2018",3/4/2020,3,3,0.25,,,
Mona Lisa,off,921 Preston Ave,Charlottesville,Charlottesville,VA,22903,Early Mountain Vineyards Virginia RosÃ© 2019,3/20/2020,6,6,0.5,,,
Norm's Beer & Wine,off,136 Branch Rd SE,NoVA,Vienna,VA,22180,Early Mountain Vineyards Shenandoah Valley Cabernet Franc 2017,10/31/2019,3,3,0.25,,,
Norm's Beer & Wine,off,136 Branch Rd SE,NoVA,Vienna,VA,22180,"Early Mountain Vineyards Virginia Red ""Foothills"" 2017",10/31/2019,3,3,0.25,,,
Norm's Beer & Wine,off,136 Branch Rd SE,NoVA,Vienna,VA,22180,Early Mountain Vineyards Virginia Chardonnay 2017,11/14/2019,3,3,0.25,,,
Norm's Beer & Wine,off,136 Branch Rd SE,NoVA,Vienna,VA,22180,Early Mountain Vineyards Shenandoah Valley Cabernet Franc 2018,11/26/2019,3,3,0.25,,,
Norm's Beer & Wine,off,136 Branch Rd SE,NoVA,Vienna,VA,22180,Early Mountain Vineyards Virginia Chardonnay 2017,11/26/2019,3,3,0.25,,,
Norm's Beer & Wine,off,136 Branch Rd SE,NoVA,Vienna,VA,22180,"Early Mountain Vineyards Virginia Red ""Foothills"" 2017",11/26/2019,3,3,0.25,,,
Norm's Beer & Wine,off,136 Branch Rd SE,NoVA,Vienna,VA,22180,Early Mountain Vineyards Shenandoah Valley Cabernet Franc 2018,12/12/2019,12,12,1,,,
Norm's Beer & Wine,off,136 Branch Rd SE,NoVA,Vienna,VA,22180,Early Mountain Vineyards Virginia Chardonnay Quaker Run 2016,12/12/2019,12,12,1,,,
Norm's Beer & Wine,off,136 Branch Rd SE,NoVA,Vienna,VA,22180,"Early Mountain Vineyards Virginia Red ""Eluvium"" 2016",12/12/2019,12,12,1,,,
Norm's Beer & Wine,off,136 Branch Rd SE,NoVA,Vienna,VA,22180,"Early Mountain Vineyards Virginia Red ""Foothills"" 2017",12/12/2019,12,12,1,,,
Norm's Beer & Wine,off,136 Branch Rd SE,NoVA,Vienna,VA,22180,"Early Mountain Vineyards Virginia Red ""Eluvium"" 2017",12/19/2019,12,12,1,,,
Norm's Beer & Wine,off,136 Branch Rd SE,NoVA,Vienna,VA,22180,"Early Mountain Vineyards Virginia Red ""Foothills"" 2017",12/19/2019,12,12,1,,,
Norm's Beer & Wine,off,136 Branch Rd SE,NoVA,Vienna,VA,22180,Early Mountain Vineyards Virginia RosÃ© 2019,3/19/2020,36,36,3,,,
Northside Social - Clarendon,on,3211 Wilson Blvd.,NoVA,Arlington,VA,22201,Early Mountain Vineyards Virginia RosÃ© 2018,11/5/2019,19,19,1.58,,,
Nourish Louisa,on/off,205 W Main St,Charlottesville,Louisa,VA,23093,Early Mountain Vineyards Virginia Chardonnay 2017,12/4/2019,6,6,0.5,,,
Nourish Louisa,on/off,205 W Main St,Charlottesville,Louisa,VA,23093,"Early Mountain Vineyards Virginia Red ""Foothills"" 2017",12/4/2019,6,6,0.5,,,
Now & Zen,on,Pinnacle Planning Inc,Charlottesville,Charlottesville,VA,22902,"Early Mountain Vineyards Virginia Red ""Foothills"" 2018",2/21/2020,12,12,1,,,
Olivino,off,285 West Broadway #330,Manhattan,New York,NY,10013,Early Mountain Vineyards Virginia Chardonnay 2017,1/22/2020,6,6,0.5,,,
Olivino,off,285 West Broadway #330,Manhattan,New York,NY,10013,"Early Mountain Vineyards Virginia Red ""Foothills"" 2017",1/22/2020,12,12,1,,,
Olmsted,On,659 Vanderbilt Ave,New York,Brooklyn,NY,11238,Early Mountain Vineyards Virginia Petit Manseng 2017,12/20/2019,6,6,0.5,,,
Olmsted,On,659 Vanderbilt Ave,New York,Brooklyn,NY,11238,"Early Mountain Vineyards Virginia Red ""Eluvium"" 2015",12/20/2019,6,6,0.5,,,
Olmsted,On,659 Vanderbilt Ave,New York,Brooklyn,NY,11238,Early Mountain Vineyards Virginia RosÃ© 2018,12/20/2019,12,12,1,,,
Olmsted,on,285 West Broadway #330,Manhattan,New York,NY,10013,Early Mountain Vineyards Virginia RosÃ© 2018,1/15/2020,24,24,2,,,
ONE EARED STAG,On,1029 EDGEWOOD AVE NE,ATLANTA,ATLANTA,GA,30374,EARLY MOUNTAIN PETITE MANSENG 2017,Jan-20,0.33,0.33,0.03,,,
ONE EARED STAG,on,1029 EDGEWOOD AVE NE,,ATLANTA,GA,30262597,EARLY MOUNTAIN PETITE MANSENG,Mar-20,0.17,0.17,0.01,,,
Organic Butcher of McLean,off,6712 Old Dominion Drive,NoVA,McLean,VA,22101-3806,Early Mountain Vineyards Virginia RosÃ© 2018,10/8/2019,36,36,3,,,
Organic Butcher of McLean,off,6712 Old Dominion Drive,NoVA,McLean,VA,22101-3806,Early Mountain Vineyards Shenandoah Valley Cabernet Franc 2017,10/15/2019,12,12,1,20,240,
Organic Butcher of McLean,off,6712 Old Dominion Drive,NoVA,McLean,VA,22101-3806,Early Mountain Vineyards Virginia Petit Manseng 2017,10/15/2019,12,12,1,16.67,200,
Organic Butcher of McLean,off,6712 Old Dominion Drive,NoVA,McLean,VA,22101-3806,Early Mountain Vineyards Shenandoah Valley Cabernet Franc 2017,11/19/2019,12,12,1,,,
Organic Butcher of McLean,off,6712 Old Dominion Drive,NoVA,McLean,VA,22101-3806,"Early Mountain Vineyards Virginia Red ""Eluvium"" 2016",12/3/2019,12,12,1,,,
Organic Butcher of McLean,off,6712 Old Dominion Drive,NoVA,McLean,VA,22101-3806,Early Mountain Vineyards Virginia Chardonnay Quaker Run 2017,12/19/2019,12,12,1,,,
Organic Butcher of McLean,off,6712 Old Dominion Drive,NoVA,McLean,VA,22101-3806,"Early Mountain Vineyards Virginia Red ""Foothills"" 2017",12/19/2019,12,12,1,,,
Organic Butcher of McLean,off,6712 Old Dominion Drive,NoVA,McLean,VA,22101-3806,"Early Mountain Vineyards Virginia Red ""Eluvium"" 2017",12/20/2019,12,12,1,,,
Organic Butcher of McLean,off,6712 Old Dominion Drive,NoVA,McLean,VA,22101-3806,"Early Mountain Vineyards Virginia Red ""Foothills"" 2017",12/31/2019,12,12,1,,,
Organic Butcher of McLean,off,6712 Old Dominion Drive,NoVA,McLean,VA,22101-3806,"Early Mountain Vineyards Virginia Red ""Foothills"" 2017",1/24/2020,12,12,1,,,
Organic Butcher of McLean,off,6712 Old Dominion Drive,NoVA,McLean,VA,22101-3806,"Early Mountain Vineyards Virginia Red ""Rise"" 2015 (3-pack)",1/24/2020,5,5,0.42,,,
Organic Butcher of McLean,off,6712 Old Dominion Drive,NoVA,McLean,VA,22101-3806,Early Mountain Vineyards Shenandoah Valley Cabernet Franc 2018,2/6/2020,12,12,1,,,
Organic Butcher of McLean,off,6712 Old Dominion Drive,NoVA,McLean,VA,22101-3806,"Early Mountain Vineyards Virginia Red ""Foothills"" 2018",3/5/2020,12,12,1,,,
Organic Butcher of McLean,off,6712 Old Dominion Drive,NoVA,McLean,VA,22101-3806,Early Mountain Vineyards Virginia RosÃ© 2019,3/5/2020,36,36,3,,,
Organic Butcher of McLean,off,6712 Old Dominion Drive,NoVA,McLean,VA,22101-3806,"Early Mountain Vineyards Virginia Red ""Rise"" 2015 (3-pack)",3/20/2020,10,10,0.83,,,
Organic Butcher of McLean,off,6712 Old Dominion Drive,NoVA,McLean,VA,22101-3806,Early Mountain Vineyards Virginia RosÃ© 2019,3/27/2020,36,36,3,,,
Outpost,off,4813 Forest Hill Ave.,Richmond,Richmond,VA,23225-3143,Early Mountain Vineyards Shenandoah Valley Cabernet Franc 2017,10/11/2019,3,3,0.25,20,60,
Outpost,off,4813 Forest Hill Ave.,Richmond,Richmond,VA,23225-3143,"Early Mountain Vineyards Virginia ""Young Wine"" Chambourcin 2018",10/11/2019,3,3,0.25,12,36,
Outpost,off,4813 Forest Hill Ave.,Richmond,Richmond,VA,23225-3143,"Early Mountain Vineyards Virginia Red ""Foothills"" 2017",10/11/2019,3,3,0.25,13.33,40,
Outpost,off,4813 Forest Hill Ave.,Richmond,Richmond,VA,23225-3143,Early Mountain Vineyards Virginia RosÃ© 2018,10/11/2019,3,3,0.25,,,
Outpost,off,4813 Forest Hill Ave.,Richmond,Richmond,VA,23225-3143,"Early Mountain Vineyards Virginia Red ""Foothills"" 2017",11/27/2019,3,3,0.25,,,
Outpost,off,4813 Forest Hill Ave.,Richmond,Richmond,VA,23225-3143,"Early Mountain Vineyards Virginia ""Young Wine"" Chambourcin 2018",2/12/2020,3,3,0.25,,,
Outpost,off,4813 Forest Hill Ave.,Richmond,Richmond,VA,23225-3143,"Early Mountain Vineyards Virginia ""Young Wine"" Chambourcin 2018",3/18/2020,3,3,0.25,$12.00 ,$36.00 ,
Outpost,off,4813 Forest Hill Ave.,Richmond,Richmond,VA,23225-3143,"Early Mountain Vineyards Virginia Red ""Foothills"" 2018",3/18/2020,3,3,0.25,,,
Palate Wines,off,115 Liberty Street,New York,Newburgh,NY,12550,Early Mountain Vineyards Virginia Petit Manseng 2017,11/22/2019,12,12,1,,,
Parc de Ville,on,"8296 Glass Alley, Ste 110",NoVA,Fairfax,VA,22031,"Early Mountain Vineyards Virginia Red ""Eluvium"" 2016",10/31/2019,6,6,0.5,,,
Parc de Ville,on,"8296 Glass Alley, Ste 110",NoVA,Fairfax,VA,22031,"Early Mountain Vineyards Virginia Red ""Eluvium"" 2017",12/27/2019,2,2,0.17,,,
Paul's Discount Liquor,off,5205 Wisconsin Ave NW,DC,Washington,DC,20015,Early Mountain Vineyards Virginia Chardonnay 2017,12/13/2019,12,12,1,,,
Paul's Discount Liquor,off,5205 Wisconsin Ave NW,DC,Washington,DC,20015,"Early Mountain Vineyards Virginia Red ""Eluvium"" 2016",12/13/2019,12,12,1,,,
Paul's Discount Liquor,off,5205 Wisconsin Ave NW,DC,Washington,DC,20015,"Early Mountain Vineyards Virginia Red ""Foothills"" 2017",12/13/2019,12,12,1,,,
Paul's Discount Liquor,off,5205 Wisconsin Ave NW,DC,Washington,DC,20015,Early Mountain Vineyards Virginia Chardonnay 2017,1/17/2020,6,6,0.5,,,
Perch,on,2918 W. Broad Street,Richmond,Richmond,VA,23230,Early Mountain Vineyards Virginia Petit Manseng 2018,1/29/2020,3,3,0.25,,,
Perch,on,2918 W. Broad Street,Richmond,Richmond,VA,23230,Early Mountain Vineyards Virginia Petit Manseng 2018,3/4/2020,2,2,0.17,$16.67 ,$33.33 ,
Perch,on ,2918 W. Broad Street,Richmond,Richmond,VA,23230,Early Mountain Vineyards Virginia RosÃ© 2018,10/4/2019,12,12,1,,,
Perch,on ,2918 W. Broad Street,Richmond,Richmond,VA,23230,Early Mountain Vineyards Virginia RosÃ© 2018,10/18/2019,12,12,1,,,
Planet Wine,off,Evening Star Cafe/Daily Planet,NoVa,Alexandria,VA,22301,Early Mountain Vineyards Shenandoah Valley Cabernet Franc 2017,10/31/2019,12,12,1,,,
Planet Wine,off,Evening Star Cafe/Daily Planet,NoVa,Alexandria,VA,22301,Early Mountain Vineyards Shenandoah Valley Cabernet Franc 2018,12/19/2019,12,12,1,,,
Planet Wine,off,2000-2004 Mount Vernon Ave,NoVA,Alexandria,VA,22301,Early Mountain Vineyards Virginia RosÃ© 2019,3/12/2020,36,36,3,,,
Planet Wine,off,2000-2004 Mount Vernon Ave,NoVA,Alexandria,VA,22301,Early Mountain Vineyards Virginia RosÃ© 2019,3/19/2020,36,36,3,,,
Planet Wine,off,2000-2004 Mount Vernon Ave,NoVA,Alexandria,VA,22301,Early Mountain Vineyards Virginia RosÃ© 2019,3/20/2020,36,36,3,,,
Please Bring Chips,on,951 V St. NE,DC,Washington,DC,20018,Early Mountain Vineyards Shenandoah Valley Cabernet Franc 2018,2/11/2020,4,4,0.33,,,
Press 626,on/off,626 West Olney Rd.,Tidewater,Norfolk,VA,23507,Early Mountain Vineyards Virginia Chardonnay 2017,3/18/2020,3,3,0.25,$16.67 ,$50.00 ,
Press 626,on/off,626 West Olney Rd.,Tidewater,Norfolk,VA,23507,Early Mountain Vineyards Virginia Petit Manseng 2017,10/22/2019,24,24,2,,,
Prime 109,on,300 East Main St.,Charlottesville,Charlottesville,VA,22902,Early Mountain Vineyards Shenandoah Valley Cabernet Franc 2017,10/4/2019,12,12,1,15,180,
Prime 109,on,300 East Main St.,Charlottesville,Charlottesville,VA,22902,Early Mountain Vineyards Virginia Chardonnay 2017,11/1/2019,12,12,1,,,
Prime 109,on,300 East Main St.,Charlottesville,Charlottesville,VA,22902,Early Mountain Vineyards Virginia Chardonnay 2017,12/27/2019,12,12,1,,,
Prime 109,on,300 East Main St.,Charlottesville,Charlottesville,VA,22902,"Early Mountain Vineyards Virginia Red ""Eluvium"" 2017",2/10/2020,6,6,0.5,,,
Prime 109,on,300 East Main St.,Charlottesville,Charlottesville,VA,22902,Early Mountain Vineyards Virginia Chardonnay 2018,3/4/2020,12,12,1,$15.00 ,$180.00 ,
Primland Resort,on,2000 Busted Rock Road,valley / Western VA,Meadows of Dan,VA,24120,Early Mountain Vineyards Shenandoah Valley Cabernet Franc 2017,11/6/2019,24,24,2,,,
Primland Resort,on,2000 Busted Rock Road,valley / Western VA,Meadows of Dan,VA,24120,"Early Mountain Vineyards Virginia Red ""Eluvium"" 2016",11/6/2019,3,3,0.25,,,
Primland Resort,on,2000 Busted Rock Road,Valley/Western,Meadows of Dan,VA,24120,Early Mountain Vineyards Shenandoah Valley Cabernet Franc 2018,1/15/2020,36,36,3,,,
Primland Resort,on,2000 Busted Rock Road,Valley/Western,Meadows of Dan,VA,24120,Early Mountain Vineyards Virginia Chardonnay 2017,1/15/2020,3,3,0.25,,,
Primland Resort,on,2000 Busted Rock Road,Valley/Western,Meadows of Dan,VA,24120,Early Mountain Vineyards Virginia Chardonnay Quaker Run 2016,1/15/2020,3,3,0.25,,,
Primland Resort,on,2000 Busted Rock Road,Valley/Western,Meadows of Dan,VA,24120,"Early Mountain Vineyards Virginia Red ""Eluvium"" 2017",1/15/2020,3,3,0.25,,,
Primland Resort,on,2000 Busted Rock Road,Valley/Western,Meadows of Dan,VA,24120,"Early Mountain Vineyards Virginia Red ""Rise"" 2015 (3-pack)",1/15/2020,3,3,0.25,,,
Prosperity Kitchen & Pantry,on,532 Virginia Beach Blvd Ste B,Tidewater,Virginia Beach,VA,23451,"Early Mountain Vineyards Virginia Red ""Foothills"" 2017",10/30/2019,6,6,0.5,,,
Prosperity Kitchen & Pantry,on,532 Virginia Beach Blvd Ste B,Tidewater,Virginia Beach,VA,23451,"Early Mountain Vineyards Virginia Red ""Foothills"" 2017",11/27/2019,12,12,1,,,
Prosperity Kitchen & Pantry,on,532 Virginia Beach Blvd Ste B,Tidewater,Virginia Beach,VA,23451,"Early Mountain Vineyards Virginia Red ""Foothills"" 2017",12/18/2019,6,6,0.5,,,
Prosperity Kitchen & Pantry,on,532 Virginia Beach Blvd Ste B,Tidewater,Virginia Beach,VA,23451,"Early Mountain Vineyards Virginia Red ""Foothills"" 2017",1/22/2020,12,12,1,,,
Prosperity Kitchen & Pantry,on,532 Virginia Beach Blvd Ste B,Tidewater,Virginia Beach,VA,23451,"Early Mountain Vineyards Virginia Red ""Foothills"" 2018",2/5/2020,12,12,1,,,
Prosperity Kitchen & Pantry,on,532 Virginia Beach Blvd Ste B,Tidewater,Virginia Beach,VA,23451,"Early Mountain Vineyards Virginia Red ""Foothills"" 2018",3/4/2020,18,18,1.5,,,
PUBLIC SQUARE ,Off ,92 N Public Square,Jefferson,Jefferson,GA,30549,EARLY MOUNTAIN VINEYARDS FIVE FORKS WHITE BLEND 2018,2019-12,1,1,0.08,,,
Quirk Hotel,on,201 W. Broad St.,Richmond,Richmond,VA,23220,Early Mountain Vineyards Virginia Chardonnay 2017,10/25/2019,12,12,1,,,
Quirk Hotel,on,201 W. Broad St.,Richmond,Richmond,VA,23220,Early Mountain Vineyards Virginia Chardonnay 2017,12/4/2019,12,12,1,,,
Quirk Hotel - Charlottesville,on,499 W Main Street,Charlottesville,Charlottesville,VA,22902,Early Mountain Vineyards Virginia Petit Manseng 2018,3/11/2020,24,24,2,$15.00 ,$360.00 ,
Quirk Hotel - Charlottesville,on,499 W Main Street,Charlottesville,Charlottesville,VA,22902,"Early Mountain Vineyards Virginia Red ""Foothills"" 2018",3/11/2020,12,12,1,,,
Racines,on,94 Chambers St,New York,Manhattan,NY,10007,"Early Mountain Vineyards Virginia ""Young Wine"" Chambourcin 2018",12/10/2019,12,12,1,,,
Rasika - West End,on,1190 New Hampshire Ave NW,DC,Washington,DC,20037,"Early Mountain Vineyards Virginia White ""Five Forks"" 2018",10/24/2019,24,24,2,,,
Really Very Fine,on/off,285 West Broadway #330,New York,New York,NY,10013,"Early Mountain Vineyards Virginia Red ""Eluvium"" 2016",11/14/2019,12,12,1,,,
Red Fox Inn,On,2 E. Washington St.,NoVA,Middleburg,VA,20117,"Early Mountain Vineyards Virginia White ""Five Forks"" 2018",10/3/2019,12,12,1,,,
Red Fox Inn,On,2 E. Washington St.,NoVA,Middleburg,VA,20117,"Early Mountain Vineyards Virginia White ""Five Forks"" 2018",10/10/2019,12,12,1,,,
Red Fox Inn,On,2 E. Washington St.,NoVA,Middleburg,VA,20117,"Early Mountain Vineyards Virginia White ""Five Forks"" 2018",11/14/2019,12,12,1,,,
Red Hen-DC,on,1822 1st St. NW,DC,Washington,DC,20001,Early Mountain Vineyards Virginia Petit Manseng 2018,1/17/2020,2,2,0.17,,,
Red Hen-DC,on,1822 1st St. NW,DC,Washington,DC,20001,Early Mountain Vineyards Virginia Petit Manseng 2018,2/20/2020,2,2,0.17,,,
Red Hen-DC,on,1822 1st St. NW,DC,Washington,DC,20001,Early Mountain Vineyards Virginia Petit Manseng 2018,2/27/2020,1,1,0.08,,,
Riggs Hotel DC,on,900 F St NW,DC,Washington,DC,20004,"Early Mountain Vineyards Virginia Red ""Foothills"" 2017",1/30/2020,12,12,1,,,
Rio Hill Wine & Beer,off,1908 Rio Hill Center,Charlottesville,Charlottesville,VA,22901,Early Mountain Vineyards Virginia Chardonnay 2017,11/8/2019,3,3,0.25,,,
Rio Hill Wine & Beer,off,1908 Rio Hill Center,Charlottesville,Charlottesville,VA,22901,"Early Mountain Vineyards Virginia Red ""Eluvium"" 2016",11/22/2019,2,2,0.17,,,
Rio Hill Wine & Beer,off,1908 Rio Hill Center,Charlottesville,Charlottesville,VA,22901,"Early Mountain Vineyards Virginia Red ""Eluvium"" 2017",1/31/2020,2,2,0.17,,,
Rio Hill Wine & Beer,off,1908 Rio Hill Center,Charlottesville,Charlottesville,VA,22901,"Early Mountain Vineyards Virginia Red ""Eluvium"" 2017",2/21/2020,2,2,0.17,,,
Rio Hill Wine & Beer,off,1908 Rio Hill Center,Charlottesville,Charlottesville,VA,22901,"Early Mountain Vineyards Virginia Red ""Foothills"" 2018",2/21/2020,2,2,0.17,,,
Rio Hill Wine & Beer,off,1908 Rio Hill Center,Charlottesville,Charlottesville,VA,22901,Early Mountain Vineyards Virginia RosÃ© 2019,3/6/2020,36,36,3,,,
Rio Hill Wine & Beer,off,1908 Rio Hill Center,Charlottesville,Charlottesville,VA,22901,"Early Mountain Vineyards Virginia Red ""Eluvium"" 2017",3/20/2020,3,3,0.25,$26.67 ,$80.00 ,
Roanoke Natural Foods Co-op,off,1319 Grandin Rd SW,Valley / Western VA,Roanoke,VA,24015-231,"Early Mountain Vineyards Virginia Red ""Foothills"" 2017",12/4/2019,3,3,0.25,,,
Roanoke Natural Foods Co-op,off,1319 Grandin Rd SW,Valley/Western,Roanoke,VA,24015-231,"Early Mountain Vineyards Virginia Red ""Foothills"" 2017",1/15/2020,6,6,0.5,,,
Roanoke Natural Foods Co-op,off,1319 Grandin Rd SW,Valley/Western,Roanoke,VA,24015-231,"Early Mountain Vineyards Virginia Red ""Foothills"" 2018",3/25/2020,6,6,0.5,,,
Roosevelt,on,623 N. 25th St.,Richmond,Richmond,VA,23223,"Early Mountain Vineyards Virginia Red ""Foothills"" 2017",10/4/2019,12,12,1,12,144,
Roosevelt,on,623 N. 25th St.,Richmond,Richmond,VA,23223,"Early Mountain Vineyards Virginia White ""Five Forks"" 2018",10/4/2019,12,12,1,,,
Roosevelt,on,623 N. 25th St.,Richmond,Richmond,VA,23223,"Early Mountain Vineyards Virginia Red ""Foothills"" 2017",10/18/2019,24,24,2,13.33,320,
Roosevelt,on,623 N. 25th St.,Richmond,Richmond,VA,23223,"Early Mountain Vineyards Virginia Red ""Foothills"" 2017",10/23/2019,12,12,1,,,
Roosevelt,on,623 N. 25th St.,Richmond,Richmond,VA,23223,"Early Mountain Vineyards Virginia White ""Five Forks"" 2018",10/23/2019,12,12,1,,,
Roosevelt,on,623 N. 25th St.,Richmond,Richmond,VA,23223,"Early Mountain Vineyards Virginia Red ""Foothills"" 2017",11/13/2019,12,12,1,,,
Roosevelt,on,623 N. 25th St.,Richmond,Richmond,VA,23223,"Early Mountain Vineyards Virginia Red ""Foothills"" 2017",12/4/2019,24,24,2,,,
Roosevelt,on,623 N. 25th St.,RIchmond,Richmond,VA,23223,"Early Mountain Vineyards Virginia Red ""Foothills"" 2017",1/8/2020,12,12,1,,,
Roosevelt,on,623 N. 25th St.,RIchmond,Richmond,VA,23223,"Early Mountain Vineyards Virginia Red ""Foothills"" 2017",1/24/2020,12,12,1,,,
Roosevelt,on,623 N. 25th St.,RIchmond,Richmond,VA,23223,"Early Mountain Vineyards Virginia Red ""Foothills"" 2017",1/29/2020,12,12,1,,,
Roosevelt,on,623 N. 25th St.,RIchmond,Richmond,VA,23223,"Early Mountain Vineyards Virginia Red ""Foothills"" 2018",2/14/2020,12,12,1,,,
Rose's at Home,on,731 8th Street SE,DC,Washington,DC,20003,"Early Mountain Vineyards Virginia ""Young Wine"" Chambourcin 2018",3/31/2020,15,15,1.25,$12.00 ,$180.00 ,
Rose's Luxury,on,717 8th St SE,DC,Washington,DC,20003,Early Mountain Vineyards Virginia Petit Manseng 2017,11/1/2019,3,3,0.25,,,
ROSWELL WINE FESTIVAL LLC   ,On ,Canton Street,Roswell,Roswell,GA,30077,EARLY MOUNTAIN VINEYARDS FOOTHILLS RED BLEND 2017,2019-10,12,12,1,,,
Saint Anselm,on,355 Metropolitan Avenue,New York,Brooklyn,NY,11211,Early Mountain Vineyards Shenandoah Valley Cabernet Franc 2017,11/18/2019,12,12,1,,,
Saint Anselm,on,355 Metropolitan Avenue,New York,Brooklyn,NY,11211,Early Mountain Vineyards Virginia Petit Manseng 2017,11/18/2019,6,6,0.5,,,
Saint Anselm,on,355 Metropolitan Avenue,New York,Brooklyn,NY,11211,"Early Mountain Vineyards Virginia Red ""Eluvium"" 2016",11/18/2019,12,12,1,,,
Saison,on,23 W Marshall St. Suite A,Richmond,Richmond,VA,23220,Early Mountain Vineyards Virginia RosÃ© 2018,11/1/2019,6,6,0.5,,,
Salisbury Country Club,on,13620 W. Salisbury Rd,Richmond,Midlothian,VA,23113,Early Mountain Vineyards Shenandoah Valley Cabernet Franc 2017,10/16/2019,12,12,1,20,240,
Salisbury Country Club,on,13620 W. Salisbury Rd,Richmond,Midlothian,VA,23113,Early Mountain Vineyards Virginia Chardonnay 2017,10/16/2019,12,12,1,16.67,200,
Salisbury Country Club,on,13620 W. Salisbury Rd,Richmond,Midlothian,VA,23113,Early Mountain Vineyards Virginia Petit Manseng 2017,10/16/2019,12,12,1,16.67,200,
Salisbury Country Club,on,13620 W. Salisbury Rd,Richmond,Midlothian,VA,23113,"Early Mountain Vineyards Virginia Red ""Foothills"" 2017",10/16/2019,12,12,1,13.33,160,
Salisbury Country Club,on,13620 W. Salisbury Rd,Richmond,Midlothian,VA,23113,"Early Mountain Vineyards Virginia White ""Five Forks"" 2018",10/16/2019,12,12,1,,,
Salisbury Country Club,on,13620 W. Salisbury Rd,Richmond,Midlothian,VA,23113,Early Mountain Vineyards Virginia Petit Manseng Demi-Sec 2017 500ml,10/18/2019,12,12,1,20,240,
Salisbury Country Club,on,13620 W. Salisbury Rd,Richmond,Midlothian,VA,23113,"Early Mountain Vineyards Virginia Red ""Eluvium"" 2016",10/18/2019,12,12,1,23.33,280,
Salisbury Country Club,on,13620 W. Salisbury Rd,Richmond,Midlothian,VA,23113,Early Mountain Vineyards Shenandoah Valley Cabernet Franc 2017,10/23/2019,18,18,1.5,,,
Salisbury Country Club,on,13620 W. Salisbury Rd,Richmond,Midlothian,VA,23113,Early Mountain Vineyards Virginia Chardonnay 2017,10/23/2019,6,6,0.5,,,
Salisbury Country Club,on,13620 W. Salisbury Rd,Richmond,Midlothian,VA,23113,"Early Mountain Vineyards Virginia Red ""Foothills"" 2017",10/23/2019,6,6,0.5,,,
Salisbury Country Club,on,13620 W. Salisbury Rd,Richmond,Midlothian,VA,23113,Early Mountain Vineyards Shenandoah Valley Cabernet Franc 2018,11/20/2019,6,6,0.5,,,
Salisbury Country Club,on,13620 W. Salisbury Rd,Richmond,Midlothian,VA,23113,Early Mountain Vineyards Virginia Chardonnay Quaker Run 2016,11/20/2019,6,6,0.5,,,
Salisbury Country Club,on,13620 W. Salisbury Rd,Richmond,Midlothian,VA,23113,"Early Mountain Vineyards Virginia Red ""Foothills"" 2017",11/20/2019,6,6,0.5,,,
Salisbury Country Club,on,13620 W. Salisbury Rd,Richmond,Midlothian,VA,23113,"Early Mountain Vineyards Virginia Red ""Rise"" 2015 (3-pack)",11/20/2019,3,3,0.25,,,
Salisbury Country Club,on,13620 W. Salisbury Rd,Richmond,Midlothian,VA,23113,Early Mountain Vineyards Shenandoah Valley Cabernet Franc 2018,11/27/2019,6,6,0.5,,,
Salisbury Country Club,on,13620 W. Salisbury Rd,Richmond,Midlothian,VA,23113,"Early Mountain Vineyards Virginia Red ""Eluvium"" 2016",11/27/2019,3,3,0.25,,,
Salisbury Country Club,on,13620 W. Salisbury Rd,Richmond,Midlothian,VA,23113,"Early Mountain Vineyards Virginia Red ""Foothills"" 2017",11/27/2019,12,12,1,,,
Salisbury Country Club,on,13620 W. Salisbury Rd,Richmond,Midlothian,VA,23113,"Early Mountain Vineyards Virginia Red ""Rise"" 2015 (3-pack)",11/27/2019,9,9,0.75,,,
Salisbury Country Club,on,13620 W. Salisbury Rd,Richmond,Midlothian,VA,23113,"Early Mountain Vineyards Virginia Red ""Rise"" 2015 (3-pack)",11/27/2019,9,9,0.75,,,
Salisbury Country Club,on,13620 W. Salisbury Rd,Richmond,Midlothian,VA,23113,Early Mountain Vineyards Virginia Chardonnay Quaker Run 2016,12/18/2019,12,12,1,,,
Salisbury Country Club,on,13620 W. Salisbury Rd,Richmond,Midlothian,VA,23113,"Early Mountain Vineyards Virginia Red ""Foothills"" 2017",12/18/2019,12,12,1,,,
SAVANNAH WINE CELLAR,on/off,5500 ABERCORN ST,SAVANNAH,SAVANNAH,GA,30262450,EARLY MOUNTAIN VINEYARDS FOOTHILLS RED BLEND,Mar-20,0.5,0.5,0.04,,,
SAVANNAH WINE CELLAR,on/off,5500 ABERCORN ST,SAVANNAH,SAVANNAH,GA,31405,EARLY MOUNTAIN VINEYARDS ROSE 2018,Jan-20,0.5,0.5,0.04,,,
SAVANNAH WINE CELLAR,on/off,5500 ABERCORN ST,SAVANNAH,SAVANNAH,GA,31405,EARLY MOUNTAIN VINEYARDS ROSE 2018,Feb-20,1,1,0.08,,,
SAVANNAH WINE CELLAR,on/off,5500 ABERCORN ST,SAVANNAH,SAVANNAH,GA,31405,EARLY MOUNTAIN VINEYARDS FOOTHILLS RED BLEND 2017,Feb-20,0.5,0.5,0.04,,,
SAVANNAH WINE CELLAR ,On,5500 Abercorn St,Savannah,Savannah,GA,31405,EARLY MOUNTAIN VINEYARDS FOOTHILLS RED BLEND 2018,2019-12,6,6,0.5,,,
SAVANNAH WINE CELLAR   ,On ,5500 Abercorn St,Savannah,Savannah,GA,31405,EARLY MOUNTAIN VINEYARDS FIVE FORKS WHITE BLEND 2018,2019-09,12,12,1,,,
Screwtop,on/off,1025 Fillmore St. N,NoVA,Arlington,VA,22201,Early Mountain Vineyards Virginia Chardonnay 2017,10/24/2019,12,12,1,,,
Screwtop,on/off,1025 Fillmore St. N,NoVA,Arlington,VA,22201,"Early Mountain Vineyards Virginia Red ""Foothills"" 2017",12/3/2019,12,12,1,,,
Screwtop,on/off,1025 Fillmore St. N,NoVA,Arlington,VA,22201,"Early Mountain Vineyards Virginia Red ""Foothills"" 2018",3/6/2020,12,12,1,,,
Screwtop,on/off,1025 Fillmore St. N,NoVA,Arlington,VA,22201,Early Mountain Vineyards Virginia RosÃ© 2019,3/6/2020,36,36,3,,,
Screwtop,on/off,1025 Fillmore St. N,NoVA,Arlington,VA,22201,Early Mountain Vineyards Virginia RosÃ© 2019,3/12/2020,36,36,3,,,
"Shack, The",on,105 S. Coalter St.,valley/Western,Staunton,VA,24401,Early Mountain Vineyards Shenandoah Valley Cabernet Franc 2018,1/15/2020,12,12,1,,,
"Shack, The",on,105 S. Coalter St.,valley/Western,Staunton,VA,24401,Early Mountain Vineyards Shenandoah Valley Cabernet Franc 2018,2/12/2020,12,12,1,,,
"Shack, The",on,105 S. Coalter St.,valley/Western,Staunton,VA,24401,Early Mountain Vineyards Shenandoah Valley Cabernet Franc 2018,3/4/2020,12,12,1,$20.00 ,$240.00 ,
Shagbark,on,4901 Libbie Mill E Blvd. Ste 175,Richmond,Richmond,VA,23230,Early Mountain Vineyards Shenandoah Valley Cabernet Franc 2017,10/2/2019,12,12,1,15,180,
Shagbark,on,4901 Libbie Mill E Blvd. Ste 175,Richmond,Richmond,VA,23230,"Early Mountain Vineyards Virginia Red ""Rise"" 2015 (3-pack)",10/2/2019,3,3,0.25,,,
Shagbark,on,4901 Libbie Mill E Blvd. Ste 175,Richmond,Richmond,VA,23230,"Early Mountain Vineyards Virginia Red ""Rise"" 2015 (3-pack)",10/2/2019,3,3,0.25,,,
Shagbark,on,4901 Libbie Mill E Blvd. Ste 175,Richmond,Richmond,VA,23230,"Early Mountain Vineyards Virginia Red ""Eluvium"" 2016",10/23/2019,6,6,0.5,,,
Shagbark,on,4901 Libbie Mill E Blvd. Ste 175,Richmond,Richmond,VA,23230,"Early Mountain Vineyards Virginia Red ""Eluvium"" 2016",12/18/2019,6,6,0.5,,,
Shields Market,off,206 North Shields Avenue,Richmond,Richmond,VA,23220,"Early Mountain Vineyards Virginia Red ""Foothills"" 2017",11/6/2019,12,12,1,,,
Shields Market,off,206 North Shields Avenue,Richmond,Richmond,VA,23220,"Early Mountain Vineyards Virginia Red ""Foothills"" 2017",12/4/2019,12,12,1,,,
Sorso Wine Boutique,on/off,285 West Broadway #330,NY,New York,NY,10013,Early Mountain Vineyards Virginia RosÃ© 2018,2/11/2020,39,39,3.25,,,
Sorso Wine Boutique,on/off,285 West Broadway #330,NY,New York,NY,10013,"Early Mountain Vineyards Virginia White ""Five Forks"" 2018",2/11/2020,24,24,2,,,
Source,on,575 Pennsylvania Ave NW,DC,Washington,DC,20001,Early Mountain Vineyards Virginia Chardonnay 2017,11/15/2019,16,16,1.33,,,
Source,on,575 Pennsylvania Ave NW,DC,Washington,DC,20001,"Early Mountain Vineyards Virginia Red ""Eluvium"" 2016",11/15/2019,6,6,0.5,,,
South Street Brewery,on,106 South St.,Charlottesville,Charlottesville,VA,22902,"Early Mountain Vineyards Virginia Red ""Foothills"" 2017",10/30/2019,36,36,3,,,
South Street Brewery,on,106 South St.,Charlottesville,Charlottesville,VA,22902,"Early Mountain Vineyards Virginia Red ""Foothills"" 2018",2/26/2020,24,24,2,,,
South Street Brewery,on,106 South St.,Charlottesville,Charlottesville,VA,22902,Early Mountain Vineyards Virginia RosÃ© 2019,3/6/2020,36,36,3,,,
Southbound,On,3036 Stony Point Rd.,Richmond,Richmond,VA,23235,Early Mountain Vineyards Shenandoah Valley Cabernet Franc 2018,11/27/2019,6,6,0.5,,,
Southern Crescent Galley and Bar,on,814 Hinton Ave.,Charlottesville,Charlottesville,VA,22902,"Early Mountain Vineyards Virginia Red ""Foothills"" 2017",11/8/2019,12,12,1,,,
Saint Anselm,On,1250 5th St. NE,DC,Washington,DC,20002,Early Mountain Vineyards Shenandoah Valley Cabernet Franc 2017,10/4/2019,2,2,0.17,20,40,
Saint Anselm,On,1250 5th St. NE,DC,Washington,DC,20002,Early Mountain Vineyards Shenandoah Valley Cabernet Franc 2017,10/11/2019,1,1,0.08,20,20,
Saint Anselm,On,1250 5th St. NE,DC,Washington,DC,20002,Early Mountain Vineyards Shenandoah Valley Cabernet Franc 2017,11/15/2019,2,2,0.17,,,
Saint Anselm,on,1250 5th St. NE,DC,Washington,DC,20002,Early Mountain Vineyards Shenandoah Valley Cabernet Franc 2018,1/24/2020,6,6,0.5,,,
Stomping Ground-  Del Ray,On,2309 Mount Vernon Ave,DC,Alexandria,VA,22301-1327,"Early Mountain Vineyards Virginia ""Young Wine"" Chambourcin 2018",10/31/2019,6,6,0.5,,,
Succotash,On,915 F St. NW,DC,Washington,DC,20004,"Early Mountain Vineyards Virginia White ""Five Forks"" 2018",10/8/2019,12,12,1,,,
Succotash,On,915 F St. NW,DC,Washington,DC,20004,"Early Mountain Vineyards Virginia White ""Five Forks"" 2018",10/18/2019,12,12,1,,,
Succotash,on,915 F St. NW,DC,Washington,DC,20004,"Early Mountain Vineyards Virginia White ""Five Forks"" 2017",1/14/2020,6,6,0.5,,,
Swirl & Sip,Off,2905 District  Ave. Ste. 112,NoVA,Fairfax,VA,22031-2274,Early Mountain Vineyards Virginia RosÃ© 2018,10/1/2019,12,12,1,,,
Swirl & Sip,Off,2905 District  Ave. Ste. 112,NoVA,Fairfax,VA,22031-2274,"Early Mountain Vineyards Virginia White ""Five Forks"" 2018",10/1/2019,12,12,1,,,
Swirl & Sip,off,2905 District  Ave. Ste. 112,NoVa,Fairfax,VA,22031-2274,Early Mountain Vineyards Virginia RosÃ© 2019,3/31/2020,36,36,3,,,
Tail Up Goat,on,1827 Adams Mill Rd. NW,DC,Washington,DC,20009,"Early Mountain Vineyards Virginia Red ""Foothills"" 2017",10/11/2019,12,12,1,12,144,
Tail Up Goat,on,1827 Adams Mill Rd. NW,DC,Washington,DC,20009,Early Mountain Vineyards Virginia Petit Manseng 2018,2/21/2020,12,12,1,,,
TALK OF THE TABLE,off,410 PEACHTREE PKWY,CUMMING,CUMMING,GA,30041-7098,EARLY MOUNTAIN VINEYARDS FOOTHILLS RED BLENDb 2017,Feb-20,0.17,0.17,0.01,,,
TALK OF THE TABLE,off,410 PEACHTREE PKWY,CUMMING,CUMMING,GA,30041-7098,EARLY MOUNTAIN VINEYARDS FIVE FORKS WHITE BLEND 2018,Feb-20,0.17,0.17,0.01,,,
Taste - Bayville Farms,on/off,4097 Shore Drive,Virginia Beach,Virginia Beach,VA,23455,"Early Mountain Vineyards Virginia Red ""Eluvium"" 2016",11/27/2019,12,12,1,,,
Taste - Bayville Farms,on/off,4097 Shore Drive,Tidewater,Virginia Beach,VA,23455,"Early Mountain Vineyards Virginia Red ""Eluvium"" 2017",1/22/2020,12,12,1,,,
Taste - Bayville Farms,on/off,4097 Shore Drive,Tidewater,Virginia Beach,VA,23455,"Early Mountain Vineyards Virginia Red ""Foothills"" 2017",1/22/2020,12,12,1,,,
Taste - Ghent,on/off,407 W 21st Street,Tidewater,Norfolk,VA,23517-2114,Early Mountain Vineyards Virginia Petit Manseng 2018,3/4/2020,6,6,0.5,$16.67 ,$100.00 ,
Taste - Ghent,on/off,407 W 21st Street,Tidewater,Norfolk,VA,23517-2114,"Early Mountain Vineyards Virginia Red ""Eluvium"" 2017",3/4/2020,6,6,0.5,$26.67 ,$160.00 ,
Taste - Ghent,on/off,407 W 21st Street,Tidewater,Norfolk,VA,23517-2114,"Early Mountain Vineyards Virginia Red ""Foothills"" 2018",3/4/2020,6,6,0.5,,,
Taste - Harbour View,on/off,5911 Harbour View Blvd Suite 100,Tidewater,Suffolk,VA,23435-3670,"Early Mountain Vineyards Virginia Red ""Foothills"" 2017",11/13/2019,12,12,1,,,
Taste - Oceanfront,on/off,3603 Pacific Avenue,Tidewater,Virginia Beach,VA,23451,"Early Mountain Vineyards Virginia Red ""Eluvium"" 2017",3/4/2020,6,6,0.5,$26.67 ,$160.00 ,
Taste - Town Center,on/off,4513 Commerce Street,Tidewater,Virgina Beach,VA,23462,"Early Mountain Vineyards Virginia Red ""Eluvium"" 2017",2/5/2020,12,12,1,,,
Taste - Town Center,on/off,4513 Commerce Street,Tidewater,Virgina Beach,VA,23462,"Early Mountain Vineyards Virginia Red ""Foothills"" 2017",2/5/2020,12,12,1,,,
Taste - Westhampton,on/off,5706 Grove Ave Ste 100,Richmond,Richmond,VA,23226-2346,"Early Mountain Vineyards Virginia Red ""Foothills"" 2017",10/16/2019,12,12,1,13.33,160,
Taste - Westhampton,on/off,5706 Grove Ave Ste 100,Richmond,Richmond,VA,23226-2346,Early Mountain Vineyards Shenandoah Valley Cabernet Franc 2017,11/22/2019,12,12,1,,,
Taste - Westhampton,on/off,5706 Grove Ave Ste 100,Richmond,Richmond,VA,23226-2346,Early Mountain Vineyards Virginia Chardonnay 2017,11/22/2019,12,12,1,,,
Taste - Westhampton,on/off,5706 Grove Ave Ste 100,Richmond,Richmond,VA,23226-2346,"Early Mountain Vineyards Virginia Red ""Eluvium"" 2016",11/22/2019,12,12,1,,,
Taste - Westhampton,on/off,5706 Grove Ave Ste 100,Richmond,Richmond,VA,23226-2346,"Early Mountain Vineyards Virginia Red ""Foothills"" 2017",11/22/2019,12,12,1,,,
Taste - Westhampton,on/off,5706 Grove Ave Ste 100,Richmond,Richmond,VA,23226-2346,"Early Mountain Vineyards Virginia Red ""Foothills"" 2017",1/8/2020,12,12,1,,,
Taste - Westhampton,on/off,5706 Grove Ave Ste 100,Richmond,Richmond,VA,23226-2346,"Early Mountain Vineyards Virginia Red ""Eluvium"" 2017",2/5/2020,6,6,0.5,,,
Taste - Westhampton,on/off,5706 Grove Ave Ste 100,Richmond,Richmond,VA,23226-2346,"Early Mountain Vineyards Virginia Red ""Foothills"" 2018",2/5/2020,6,6,0.5,,,
Tastings of Charlottesville,on/off,502 East Market St,Charlottesville,Charlottesville,VA,22902,Early Mountain Vineyards Virginia Chardonnay Quaker Run 2017,2/5/2020,12,12,1,,,
Tastings of Charlottesville,on/off,502 East Market St,Charlottesville,Charlottesville,VA,22902,Early Mountain Vineyards Virginia Petit Manseng 2018,2/5/2020,6,6,0.5,,,
Tavola,On,826 Hinton Ave #A,Charlottesville,Charlottesville,VA,22902,Early Mountain Vineyards Virginia Chardonnay 2017,11/20/2019,12,12,1,,,
Ten Sushi,on,120B East Main St,Charlottesville,Charlottesville,VA,22902,Early Mountain Vineyards Virginia RosÃ© 2019,3/6/2020,12,12,1,,,
The Eastern,on,360 7th ST SE,DC,Washington,DC,20003,Early Mountain Vineyards Shenandoah Valley Cabernet Franc 2017,10/1/2019,12,12,1,15,180,
The Eastern,on,360 7th ST SE,DC,Washington,DC,20003,Early Mountain Vineyards Shenandoah Valley Cabernet Franc 2017,10/24/2019,12,12,1,,,
The Eastern,on,360 7th ST SE,DC,Washington,DC,20003,Early Mountain Vineyards Virginia RosÃ© 2018,10/24/2019,12,12,1,,,
The Eastern,on,360 7th ST SE,DC,Washington,DC,20003,Early Mountain Vineyards Shenandoah Valley Cabernet Franc 2017,11/1/2019,12,12,1,,,
The Eastern ,on,360 7th ST SE,DC,Washington,DC,20003,Early Mountain Vineyards Shenandoah Valley Cabernet Franc 2018,12/19/2019,12,12,1,,,
The Shack,on,105 S. Coalter St.,Valley / Western VA,Staunton,VA,24401,Early Mountain Vineyards Shenandoah Valley Cabernet Franc 2017,10/15/2019,12,12,1,20,240,
The Shack,on,105 S. Coalter St.,Valley / Western VA,Staunton,VA,24401,Early Mountain Vineyards Shenandoah Valley Cabernet Franc 2017,11/6/2019,12,12,1,,,
THIRD STREET GOODS   ,On ,1039 Grant St SE Suite B40,Atlanta,Atlanta,GA,30315,EARLY MOUNTAIN VINEYARDS FIVE FORKS WHITE BLEND 2018,2019-09,4,4,0.33,,,
Thornton River Grille,on,Thornton River Grille,NoVA,Sperryville,VA,22740,Early Mountain Vineyards Virginia Chardonnay 2017,10/3/2019,2,2,0.17,16.67,33.33,
Thornton River Grille,on,Thornton River Grille,NoVA,Sperryville,VA,22740,"Early Mountain Vineyards Virginia Red ""Foothills"" 2017",10/24/2019,4,4,0.33,,,
Thornton River Grille,on,Thornton River Grille,NoVA,Sperryville,VA,22740,Early Mountain Vineyards Virginia RosÃ© 2018,10/24/2019,4,4,0.33,,,
Thornton River Grille,on,Thornton River Grille,NoVA,Sperryville,VA,22740,"Early Mountain Vineyards Virginia Red ""Foothills"" 2017",11/14/2019,6,6,0.5,,,
Thornton River Grille,on,Thornton River Grille,NoVA,Sperryville,VA,22740,Early Mountain Vineyards Virginia Chardonnay 2017,12/19/2019,4,4,0.33,,,
Thornton River Grille,on,Thornton River Grille,NoVA,Sperryville,VA,22740,"Early Mountain Vineyards Virginia Red ""Foothills"" 2017",12/19/2019,4,4,0.33,,,
Thornton River Grille,on,Thornton River Grille,NoVA,Sperryville,VA,22740,"Early Mountain Vineyards Virginia Red ""Foothills"" 2018",2/20/2020,4,4,0.33,,,
Thornton River Grille,on,Thornton River Grille,NoVA,Sperryville,VA,22740,Early Mountain Vineyards Virginia Petit Manseng 2018,3/12/2020,3,3,0.25,$16.67 ,$50.00 ,
Thornton River Grille,on,Thornton River Grille,NoVA,Sperryville,VA,22740,Early Mountain Vineyards Virginia RosÃ© 2019,3/12/2020,3,3,0.25,,,
Thornton River Grille,on,Thornton River Grille,NoVA,Sperryville,VA,22740,"Early Mountain Vineyards Virginia Red ""Foothills"" 2018",3/26/2020,4,4,0.33,,,
Thornton River Grille,on,Thornton River Grille,NoVA,Sperryville,VA,22740,Early Mountain Vineyards Virginia RosÃ© 2019,3/26/2020,4,4,0.33,,,
Town Duck,off,100 Main St,NoVA,Warrenton,VA,20186,"Early Mountain Vineyards Virginia Red ""Eluvium"" 2016",11/5/2019,3,3,0.25,,,
Town Duck,off,100 Main St,NoVA,Warrenton,VA,20186,"Early Mountain Vineyards Virginia Red ""Foothills"" 2017",11/5/2019,12,12,1,,,
Town Duck,off,100 Main St,NoVA,Warrenton,VA,20186,"Early Mountain Vineyards Virginia Red ""Eluvium"" 2017",2/4/2020,6,6,0.5,,,
Town Duck,off,100 Main St,NoVA,Warrenton,VA,20186,"Early Mountain Vineyards Virginia Red ""Foothills"" 2017",2/4/2020,12,12,1,,,
Union Market,on/off,2306 Jefferson Avenue,Richmond,Richmond,VA,23223,Early Mountain Vineyards Virginia Chardonnay 2017,11/8/2019,2,2,0.17,,,
Union Market,on/off,2306 Jefferson Avenue,Richmond,Richmond,VA,23223,"Early Mountain Vineyards Virginia Red ""Foothills"" 2017",11/8/2019,2,2,0.17,,,
Union Market,on/off,2306 Jefferson Avenue,Richmond,Richmond,VA,23223,"Early Mountain Vineyards Virginia Red ""Foothills"" 2017",11/20/2019,4,4,0.33,,,
Union Market,on/off,2306 Jefferson Avenue,Richmond,Richmond,VA,23223,Early Mountain Vineyards Virginia Chardonnay 2017,11/22/2019,2,2,0.17,,,
Unwined Belle View,off,1600 Belle View Blvd.,NoVA,Alexandria,VA,22307,"Early Mountain Vineyards Virginia Red ""Eluvium"" 2016",10/1/2019,12,12,1,23.33,280,
Unwined Belle View,off,1600 Belle View Blvd.,NoVA,Alexandria,VA,22307,Early Mountain Vineyards Virginia RosÃ© 2018,10/9/2019,36,36,3,,,
Unwined Belle View,off,1600 Belle View Blvd.,NoVA,Alexandria,VA,22307,Early Mountain Vineyards Virginia PÃ©tillant Naturel Red 2018,10/25/2019,12,12,1,,,
Unwined Belle View,off,1600 Belle View Blvd.,NoVA,Alexandria,VA,22307,"Early Mountain Vineyards Virginia Red ""Foothills"" 2017",12/12/2019,36,36,3,,,
Unwined Belle View,off,1600 Belle View Blvd.,NoVA,Alexandria,VA,22307,"Early Mountain Vineyards Virginia Red ""Eluvium"" 2016",12/19/2019,12,12,1,,,
Unwined Belle View,off,1600 Belle View Blvd.,NoVA,Alexandria,VA,22307,"Early Mountain Vineyards Virginia Red ""Foothills"" 2017",1/17/2020,12,12,1,,,
Unwined Belle View,off,1600 Belle View Blvd.,NoVA,Alexandria,VA,22307,"Early Mountain Vineyards Virginia Red ""Eluvium"" 2017",1/31/2020,6,6,0.5,,,
Unwined Belle View,off,1600 Belle View Blvd.,NoVA,Alexandria,VA,22307,"Early Mountain Vineyards Virginia Red ""Foothills"" 2018",2/7/2020,12,12,1,,,
Unwined Belle View,off,1600 Belle View Blvd.,NoVA,Alexandria,VA,22307,Early Mountain Vineyards Virginia Petit Manseng 2018,2/20/2020,12,12,1,,,
Unwined Belle View,off,1600 Belle View Blvd.,NoVA,Alexandria,VA,22307,Early Mountain Vineyards Virginia RosÃ© 2019,3/6/2020,36,36,3,,,
Unwined Belle View,off,1600 Belle View Blvd.,NoVA,Alexandria,VA,22307,"Early Mountain Vineyards Virginia Red ""Foothills"" 2018",3/26/2020,12,12,1,,,
Unwined Belle View,off,1600 Belle View Blvd.,NoVA,Alexandria,VA,22307,Early Mountain Vineyards Virginia RosÃ© 2019,3/26/2020,36,36,3,,,
Unwined Belle View,off,1600 Belle View Blvd.,NoVA,Alexandria,VA,22307,Early Mountain Vineyards Shenandoah Valley Cabernet Franc 2018,3/31/2020,12,12,1,$20.00 ,$240.00 ,
Unwined Bradlee Shopping Center,off,3690-J King St,NoVA,Alexandria,VA,22302,Early Mountain Vineyards Virginia PÃ©tillant Naturel Red 2018,10/31/2019,12,12,1,,,
Unwined Bradlee Shopping Center,off,3690-J King St,NoVA,Alexandria,VA,22302,"Early Mountain Vineyards Virginia Red ""Eluvium"" 2016",12/3/2019,6,6,0.5,,,
Unwined Bradlee Shopping Center,off,3690-J King St,NoVA,Alexandria,VA,22302,Early Mountain Vineyards Virginia Chardonnay 2017,12/24/2019,6,6,0.5,,,
Unwined Bradlee Shopping Center,off,3690-J King St,NoVA,Alexandria,VA,22302,"Early Mountain Vineyards Virginia Red ""Eluvium"" 2017",12/24/2019,6,6,0.5,,,
Unwined Bradlee Shopping Center,off,3690-J King St,NoVA,Alexandria,VA,22302,"Early Mountain Vineyards Virginia Red ""Foothills"" 2017",1/30/2020,12,12,1,,,
Unwined Bradlee Shopping Center,off,3690-J King St,NoVA,Alexandria,VA,22302,Early Mountain Vineyards Virginia Petit Manseng 2018,2/11/2020,12,12,1,,,
Unwined Bradlee Shopping Center,off,3690-J King St,NoVA,Alexandria,VA,22302,Early Mountain Vineyards Virginia RosÃ© 2019,3/5/2020,12,12,1,,,
Unwined Bradlee Shopping Center,off,3690-J King St,NoVA,Alexandria,VA,22302,Early Mountain Vineyards Virginia RosÃ© 2019,3/20/2020,36,36,3,,,
Unwined Bradlee Shopping Center,off,3690-J King St,NoVA,Alexandria,VA,22302,Early Mountain Vineyards Virginia RosÃ© 2019,3/31/2020,36,36,3,,,
Urban Hang Suite,on/off,304  Broad Street,Richmond,Richmond,VA,23219,Early Mountain Vineyards Virginia Chardonnay 2017,11/13/2019,2,2,0.17,,,
Urban Hang Suite,on/off,304  Broad Street,Richmond,Richmond,VA,23219,"Early Mountain Vineyards Virginia Red ""Foothills"" 2017",11/20/2019,2,2,0.17,,,
Urban Hang Suite,on/off,304  Broad Street,Richmond,Richmond,VA,23219,"Early Mountain Vineyards Virginia Red ""Foothills"" 2017",11/27/2019,2,2,0.17,,,
Urban Hang Suite,on/off,304 E. Broad Street,Richmond,Richmond,VA,23219,"Early Mountain Vineyards Virginia Red ""Foothills"" 2018",3/6/2020,2,2,0.17,,,
Urban Hang Suite,on/off,304 E. Broad Street,RIchmond,Richmond,VA,23219,"Early Mountain Vineyards Virginia Red ""Foothills"" 2018",3/25/2020,1,1,0.08,,,
Valley Pike Farm Market,off,3494 Lee Highway,valley / Western VA,Weyers Cave,VA,24486,"Early Mountain Vineyards Virginia Red ""Foothills"" 2017",11/6/2019,3,3,0.25,,,
Valley Pike Farm Market,off,3494 Lee Highway, valley/western,Weyers Cave,VA,24486,"Early Mountain Vineyards Virginia Red ""Foothills"" 2018",2/12/2020,6,6,0.5,,,
Vanderbilt Wine Merchants,off,573 Vanderbilt Avenue,New York,Brooklyn,NY,11238,"Early Mountain Vineyards Virginia ""Young Wine"" Chambourcin 2018",10/24/2019,24,24,2,,,
Vermillion,on,1120 King St,NoVA,Alexandria,VA,22314,"Early Mountain Vineyards Virginia Red ""Foothills"" 2018",2/20/2020,12,12,1,,,
Vermillion,on,1120 King St,NoVA,Alexandria,VA,22314,Early Mountain Vineyards Virginia RosÃ© 2019,3/13/2020,24,24,2,,,
Vino Market,off,3730 Winterfield Rd.,Richmond,Midlothian,VA,23113,"Early Mountain Vineyards Virginia Red ""Foothills"" 2017",11/20/2019,12,12,1,,,
Vino Market,off,3730 Winterfield Rd.,Richmond,Midlothian,VA,23113,"Early Mountain Vineyards Virginia Red ""Foothills"" 2017",12/6/2019,24,24,2,,,
Vino Market,off,3730 Winterfield Rd.,Richmond,Midlothian,VA,23113,"Early Mountain Vineyards Virginia Red ""Foothills"" 2018",3/25/2020,12,12,1,,,
Vino Market,off,3730 Winterfield Rd.,RIchmond,Midlothian,VA,23113,Early Mountain Vineyards Virginia RosÃ© 2019,3/25/2020,36,36,3,,,
Vinosity,off,"174 E Davis St,",Culpepper,Charlottesville,VA,22732,Early Mountain Vineyards Virginia Petit Manseng 2018,2/17/2020,12,12,1,,,
Vinosity,off,"174 E Davis St,",Culpepper,Charlottesville,VA,22732,"Early Mountain Vineyards Virginia Red ""Foothills"" 2018",2/17/2020,12,12,1,,,
Vintage Cellar,off,1338 South Main St.,valley / Western VA,Blacksburg,VA,24060,Early Mountain Vineyards Shenandoah Valley Cabernet Franc 2017,11/6/2019,3,3,0.25,,,
Vintage Cellar,off,1338 South Main St.,valley / Western VA,Blacksburg,VA,24060,"Early Mountain Vineyards Virginia Red ""Eluvium"" 2016",11/6/2019,3,3,0.25,,,
Vintage Cellar,off,1338 South Main St.,valley / Western VA,Blacksburg,VA,24060,"Early Mountain Vineyards Virginia Red ""Foothills"" 2017",11/6/2019,3,3,0.25,,,
Vintage Cellar,off,1338 South Main St.,Valley/Western,Blacksburg,VA,24060,"Early Mountain Vineyards Virginia Red ""Foothills"" 2018",2/26/2020,3,3,0.25,,,
Vitis Fine Wine,off,1309 5th St NE #20,DC,Washington,DC,20002,"Early Mountain Vineyards Virginia White ""Five Forks"" 2018",10/22/2019,3,3,0.25,,,
Von,on,285 West Broadway #330,Manhattan,New York,NY,10013,Early Mountain Vineyards Virginia Chardonnay 2017,1/9/2020,48,48,4,,,
WAHOO A DECATUR GRILL ,On,1042 W College Ave,Decatur,Decatur,GA,30030,EARLY MOUNTAIN VINEYARDS ROSE 2018,2019-11,2,2,0.17,,,
Wardman Wines,off,"625 Monroe St. NE, Ste.#A7",DC,Washington,DC,20007,Early Mountain Vineyards Virginia PÃ©tillant Naturel Red 2018,10/31/2019,12,12,1,,,
Wardman Wines,off,"625 Monroe St. NE, Ste.#A7",DC,Washington,DC,20007,"Early Mountain Vineyards Virginia Red ""Eluvium"" 2016",10/31/2019,12,12,1,,,
Wardman Wines,off,"625 Monroe St. NE, Ste.#A7",DC,Washington,DC,20007,"Early Mountain Vineyards Virginia Red ""Foothills"" 2017",10/31/2019,12,12,1,,,
Wardman Wines,off,"625 Monroe St. NE, Ste.#A7",DC,Washington,DC,20007,"Early Mountain Vineyards Virginia White ""Five Forks"" 2018",10/31/2019,36,36,3,,,
Wardman Wines,off,"625 Monroe St. NE, Ste.#A7",DC,Washington,DC,20007,Early Mountain Vineyards Virginia Chardonnay 2017,3/12/2020,1,1,0.08,$16.67 ,$16.67 ,
Westside Produce & Provisions,off,5015 Colley Ave.,Tidewater,Norfolk,VA,23508-2039,"Early Mountain Vineyards Virginia Red ""Eluvium"" 2016",11/27/2019,2,2,0.17,,,
Westside Produce & Provisions,off,5015 Colley Ave.,Tidewater,Norfolk,VA,23508-2039,"Early Mountain Vineyards Virginia Red ""Foothills"" 2017",11/27/2019,4,4,0.33,,,
Westside Produce & Provisions,off,5015 Colley Ave.,Tidewater,Norfolk,VA,23508-2039,Early Mountain Vineyards Shenandoah Valley Cabernet Franc 2018,3/18/2020,4,4,0.33,$20.00 ,$80.00 ,
Westside Produce & Provisions,off,5015 Colley Ave.,Tidewater,Norfolk,VA,23508-2039,Early Mountain Vineyards Virginia Chardonnay 2017,3/18/2020,4,4,0.33,$16.67 ,$66.67 ,
Westside Produce & Provisions,off,5015 Colley Ave.,Tidewater,Norfolk,VA,23508-2039,"Early Mountain Vineyards Virginia Red ""Eluvium"" 2017",3/18/2020,4,4,0.33,$26.67 ,$106.67 ,
Westside Produce & Provisions,off,5015 Colley Ave.,Tidewater,Norfolk,VA,23508-2039,"Early Mountain Vineyards Virginia Red ""Foothills"" 2018",3/18/2020,4,4,0.33,,,
Westside Produce & Provisions,off,5015 Colley Ave.,Tidewater,Norfolk,VA,23508-2039,Early Mountain Vineyards Virginia RosÃ© 2019,3/18/2020,4,4,0.33,,,
White Moose Inn,on,291 Main St.,DC,Washington,VA,22747-1977,Early Mountain Vineyards Virginia Chardonnay 2017,12/19/2019,36,36,3,,,
White Moose Inn,on,291 Main St.,DC,Washington,VA,22747-1977,Early Mountain Vineyards Virginia Chardonnay Quaker Run 2017,12/19/2019,12,12,1,,,
White Moose Inn,on,291 Main St.,DC,Washington,VA,22747-1977,"Early Mountain Vineyards Virginia Red ""Eluvium"" 2017",12/19/2019,12,12,1,,,
White Moose Inn,on,291 Main St.,DC,Washington,VA,22747-1977,"Early Mountain Vineyards Virginia Red ""Foothills"" 2017",12/19/2019,36,36,3,,,
White Moose Inn,on,291 Main St.,NoVA,Washington,VA,22747-1977,"Early Mountain Vineyards Virginia Red ""Foothills"" 2018",2/20/2020,84,84,7,,,
WHITEMARSH BEVERAGE CENTER   ,Off ,4700 US-80,Savannah,Savannah,GA,31410,EARLY MOUNTAIN VINEYARDS ROSE 2018,2019-09,2,2,0.17,,,
Whole Foods - Ashburn,on/off,19800 Belmont Chase Dr,NoVA,Ashburn,VA,20147,"Early Mountain Vineyards Virginia Red ""Foothills"" 2018",2/25/2020,12,12,1,,,
Whole Foods - Boro Tysons,on/off,1635 Boro Place,NoVA,McLean,VA,22102,"Early Mountain Vineyards Virginia Red ""Foothills"" 2017",10/15/2019,12,12,1,13.33,160,
Whole Foods - Boro Tysons,on/off,1635 Boro Place,NoVA,McLean,VA,22102,Early Mountain Vineyards Virginia RosÃ© 2018,10/15/2019,12,12,1,,,
Whole Foods - Boro Tysons,on/off,1635 Boro Place,NoVA,McLean,VA,22102,"Early Mountain Vineyards Virginia White ""Five Forks"" 2018",10/15/2019,12,12,1,,,
Whole Foods - Boro Tysons,on/off,1635 Boro Place,NoVA,McLean,VA,22102,"Early Mountain Vineyards Virginia Red ""Foothills"" 2017",10/17/2019,48,48,4,13.33,640,
Whole Foods - Boro Tysons,on/off,1635 Boro Place,NoVA,McLean,VA,22102,Early Mountain Vineyards Virginia RosÃ© 2018,10/17/2019,24,24,2,,,
Whole Foods - Boro Tysons,on/off,1635 Boro Place,NoVA,McLean,VA,22102,"Early Mountain Vineyards Virginia White ""Five Forks"" 2018",10/17/2019,24,24,2,,,
Whole Foods - Boro Tysons,on/off,1635 Boro Place,NoVA,McLean,VA,22102,"Early Mountain Vineyards Virginia Red ""Foothills"" 2017",12/27/2019,12,12,1,,,
Whole Foods - Boro Tysons,on/off,1635 Boro Place,NoVA,McLean,VA,22102,"Early Mountain Vineyards Virginia Red ""Foothills"" 2017",1/14/2020,12,12,1,,,
Whole Foods - Boro Tysons,on/off,1635 Boro Place,NoVA,McLean,VA,22102,"Early Mountain Vineyards Virginia Red ""Foothills"" 2018",2/25/2020,12,12,1,,,
Whole Foods - Boro Tysons,on/off,1635 Boro Place,NoVA,McLean,VA,22102,Early Mountain Vineyards Virginia RosÃ© 2019,3/20/2020,12,12,1,,,
Whole Foods - Charlottesville,on/off,1797 Hydraulic Road,Charlottesville,Charlottesville,VA,22901,Early Mountain Vineyards Virginia RosÃ© 2019,3/11/2020,12,12,1,,,
Whole Foods - H Street,on/off,"600-A H Street, NE",DC,Washington,DC,20002,"Early Mountain Vineyards Virginia Red ""Foothills"" 2018",2/25/2020,12,12,1,,,
Whole Foods - H Street,on/off,"600-A H Street, NE",DC,Washington,DC,20002,"Early Mountain Vineyards Virginia Red ""Foothills"" 2018",3/27/2020,12,12,1,,,
Whole Foods - H Street,on/off,"600-A H Street, NE",DC,Washington,DC,20002,Early Mountain Vineyards Virginia RosÃ© 2019,3/27/2020,12,12,1,,,
Whole Foods - Old Town,on/off,1700 Duke Street,NoVA,Alexandria,VA,22314,"Early Mountain Vineyards Virginia Red ""Foothills"" 2018",3/27/2020,12,12,1,,,
Whole Foods - Short Pump,on/off,11173 West Broad St.,Richmond,Richmond,VA,23060,"Early Mountain Vineyards Virginia Red ""Foothills"" 2017",12/4/2019,12,12,1,,,
Whole Foods - Short Pump,on/off,11173 West Broad St.,Richmond,Richmond,VA,23060,"Early Mountain Vineyards Virginia Red ""Foothills"" 2017",1/8/2020,12,12,1,,,
Whole Foods - Short Pump,on/off,11173 West Broad St.,Richmond,Richmond,VA,23060,"Early Mountain Vineyards Virginia Red ""Foothills"" 2018",2/12/2020,12,12,1,,,
Whole Foods - Short Pump,on/off,11173 West Broad St.,Richmond,Richmond,VA,23060,Early Mountain Vineyards Virginia RosÃ© 2019,3/18/2020,12,12,1,,,
Whole Foods - Springfield,on/off,8402 Old Keene Mill Road,NoVA,Springfield,VA,22152,"Early Mountain Vineyards Virginia Red ""Foothills"" 2018",3/5/2020,12,12,1,,,
Whole Foods - Springfield,on/off,8402 Old Keene Mill Road,NoVA,Springfield,VA,22152,Early Mountain Vineyards Virginia RosÃ© 2019,3/5/2020,12,12,1,,,
Whole Foods - Tysons,on/off,7511 Leesburg Pike,NoVA,Falls Church,VA,22043,"Early Mountain Vineyards Virginia Red ""Foothills"" 2018",2/6/2020,12,12,1,,,
Whole Foods - Virginia Beach,on/off,1800 Laskin Road,Tidewater,Virginia Beach,VA,23454,"Early Mountain Vineyards Virginia Red ""Foothills"" 2018",2/5/2020,12,12,1,,,
Whole Foods - West Broad,on/off,2024 W Broad Street,Richmond,Richmond,VA,23220,"Early Mountain Vineyards Virginia Red ""Foothills"" 2017",1/22/2020,108,108,9,,,
Whole Foods - West Broad,on/off,2024 W Broad Street,Richmond,Richmond,VA,23220,"Early Mountain Vineyards Virginia Red ""Foothills"" 2018",2/5/2020,12,12,1,,,
Whole Foods - West Broad,on/off,2024 W Broad Street,Richmond,Richmond,VA,23220,Early Mountain Vineyards Virginia RosÃ© 2019,3/18/2020,12,12,1,,,
Williamsburg Inn,on,136 E Francis Street,Tidewater,Williamsburg,VA,23185-4271,Early Mountain Vineyards Virginia Chardonnay 2017,11/20/2019,24,24,2,,,
Williamsburg Inn,on,136 E Francis Street,Tidewater,Williamsburg,VA,23185-4271,"Early Mountain Vineyards Virginia Red ""Foothills"" 2017",11/20/2019,24,24,2,,,
Wine & Country,Off,4282 Ivy Road,Charlottesville,Charlottesville,VA,22903-7123,Early Mountain Vineyards Virginia Chardonnay 2017,12/4/2019,3,3,0.25,,,
Wine & Country,Off,4282 Ivy Road,Charlottesville,Charlottesville,VA,22903-7123,"Early Mountain Vineyards Virginia Red ""Eluvium"" 2016",12/4/2019,1,1,0.08,,,
Wine & Country,Off,4282 Ivy Road,Charlottesville,Charlottesville,VA,22903-7123,"Early Mountain Vineyards Virginia Red ""Foothills"" 2017",12/4/2019,3,3,0.25,,,
Wine Cellar- Staunton,off,8 Byers St.,valley/Western,Staunton,VA,24401,Early Mountain Vineyards Shenandoah Valley Cabernet Franc 2018,1/15/2020,3,3,0.25,,,
Wine Cellar- Staunton,off,8 Byers St.,valley/Western,Staunton,VA,24401,Early Mountain Vineyards Virginia Chardonnay 2017,1/15/2020,8,8,0.67,,,
Wine Cellar- Staunton,off,8 Byers St.,valley/Western,Staunton,VA,24401,"Early Mountain Vineyards Virginia Red ""Eluvium"" 2017",1/15/2020,6,6,0.5,,,
Wine Cellar- Staunton,off,8 Byers St.,valley/Western,Staunton,VA,24401,"Early Mountain Vineyards Virginia Red ""Foothills"" 2017",1/15/2020,6,6,0.5,,,
Wine Cellar- Staunton,off,8 Byers St.,valley/Western,Staunton,VA,24401,Early Mountain Vineyards Shenandoah Valley Cabernet Franc 2018,2/26/2020,12,12,1,,,
Wine Gourmet,off,3524 Electric Road,Valley / Western VA,Roanoke,VA,24014-1109,"Early Mountain Vineyards Virginia Red ""Eluvium"" 2016",12/18/2019,3,3,0.25,,,
Wine Gourmet,off,3524 Electric Road,Valley / Western VA,Roanoke,VA,24014-1109,"Early Mountain Vineyards Virginia Red ""Foothills"" 2017",12/18/2019,6,6,0.5,,,
Wine Guild,off,"221 Carlton Rd, Suite 1",Charlottesville,Charlottesville,VA,22902,Early Mountain Vineyards Shenandoah Valley Cabernet Franc 2017,10/16/2019,6,6,0.5,20,120,
Wine Guild,off,"221 Carlton Rd, Suite 1",Charlottesville,Charlottesville,VA,22902,"Early Mountain Vineyards Virginia Red ""Eluvium"" 2016",10/16/2019,6,6,0.5,23.33,140,
Wine Guild,off,"221 Carlton Rd, Suite 1",Charlottesville,Charlottesville,VA,22902,"Early Mountain Vineyards Virginia Red ""Rise"" 2015",11/13/2019,1,1,0.08,,,
Wine Seller - Williamsburg,off,4680 Monticello Ave Suite 15,Tidewater,Williamsburg,VA,23188,Early Mountain Vineyards Virginia PÃ©tillant Naturel Red 2018,10/2/2019,6,6,0.5,16.67,100,
Wine Seller - Williamsburg,off,4680 Monticello Ave Suite 15,Tidewater,Williamsburg,VA,23188,"Early Mountain Vineyards Virginia Red ""Foothills"" 2017",10/2/2019,6,6,0.5,13.33,80,
Wine Seller - Williamsburg,off,4680 Monticello Ave Suite 15,Tidewater,Williamsburg,VA,23188,Early Mountain Vineyards Virginia Petit Manseng 2017,10/23/2019,1,1,0.08,,,
Wine Seller - Williamsburg,off,4680 Monticello Ave Suite 15,Tidewater,Williamsburg,VA,23188,"Early Mountain Vineyards Virginia Red ""Foothills"" 2017",10/23/2019,6,6,0.5,,,
Wine Seller - Williamsburg,off,4680 Monticello Ave Suite 15,Tidewater,Williamsburg,VA,23188,"Early Mountain Vineyards Virginia Red ""Rise"" 2015 (3-pack)",10/23/2019,3,3,0.25,,,
Wine Seller - Williamsburg,off,4680 Monticello Ave Suite 15,Tidewater,Williamsburg,VA,23188,"Early Mountain Vineyards Virginia Red ""Foothills"" 2017",11/6/2019,6,6,0.5,,,
Wine Seller - Williamsburg,off,4680 Monticello Ave Suite 15,Tidewater,Williamsburg,VA,23188,Early Mountain Vineyards Virginia Petit Manseng 2017,11/13/2019,3,3,0.25,,,
Wine Seller - Williamsburg,off,4680 Monticello Ave Suite 15,Tidewater,Williamsburg,VA,23188,"Early Mountain Vineyards Virginia Red ""Foothills"" 2017",11/20/2019,3,3,0.25,,,
Wine Seller - Williamsburg,off,4680 Monticello Ave Suite 15,Tidewater,Williamsburg,VA,23188,"Early Mountain Vineyards Virginia Red ""Foothills"" 2017",11/27/2019,6,6,0.5,,,
Wine Seller - Williamsburg,off,4680 Monticello Ave Suite 15,Tidewater,Williamsburg,VA,23188,"Early Mountain Vineyards Virginia Red ""Foothills"" 2017",12/18/2019,3,3,0.25,,,
Wine Seller - Williamsburg,off,4680 Monticello Ave Suite 15,Tidewater,Williamsburg,VA,23188,"Early Mountain Vineyards Virginia Red ""Foothills"" 2017",12/30/2019,3,3,0.25,,,
Wine Seller - Williamsburg,off,4680 Monticello Ave Suite 15,Tidewater,Williamsburg,VA,23188,Early Mountain Vineyards Virginia Petit Manseng 2018,2/5/2020,3,3,0.25,,,
Wine Seller - Williamsburg,off,4680 Monticello Ave Suite 15,Tidewater,Williamsburg,VA,23188,"Early Mountain Vineyards Virginia Red ""Foothills"" 2018",3/18/2020,3,3,0.25,,,
Wine Seller - Williamsburg,off,4680 Monticello Ave Suite 15,Tidewater,Williamsburg,VA,23188,Early Mountain Vineyards Virginia RosÃ© 2019,3/18/2020,3,3,0.25,,,
Wine Warehouse,off,1804 Hydraulic Rd,Charlottesville,Charlottesville,VA,22902,"Early Mountain Vineyards Virginia Red ""Rise"" 2015 (3-pack)",10/4/2019,3,3,0.25,,,
Wine Warehouse,off,1804 Hydraulic Rd,Charlottesville,Charlottesville,VA,22902,"Early Mountain Vineyards Virginia Red ""Rise"" 2015 (3-pack)",10/4/2019,3,3,0.25,,,
Wine Warehouse,off,1804 Hydraulic Rd,Charlottesville,Charlottesville,VA,22902,"Early Mountain Vineyards Virginia White ""Five Forks"" 2018",10/4/2019,1,1,0.08,,,
Wine Warehouse,off,1804 Hydraulic Rd,Charlottesville,Charlottesville,VA,22902,"Early Mountain Vineyards Virginia Red ""Foothills"" 2017",10/18/2019,12,12,1,13.33,160,
Wine Warehouse,off,1804 Hydraulic Rd,Charlottesville,Charlottesville,VA,22902,Early Mountain Vineyards Shenandoah Valley Cabernet Franc 2018,11/22/2019,12,12,1,,,
Wine Warehouse,off,1804 Hydraulic Rd,Charlottesville,Charlottesville,VA,22902,"Early Mountain Vineyards Virginia Red ""Foothills"" 2017",11/22/2019,12,12,1,,,
Wine Warehouse,off,1804 Hydraulic Rd,Charlottesville,Charlottesville,VA,22902,Early Mountain Vineyards Shenandoah Valley Cabernet Franc 2018,12/6/2019,12,12,1,,,
Wine Warehouse,off,1804 Hydraulic Rd,Charlottesville,Charlottesville,VA,22902,"Early Mountain Vineyards Virginia ""Young Wine"" Chambourcin 2018",12/6/2019,24,24,2,,,
Wine Warehouse,off,1804 Hydraulic Rd,Charlottesville,Charlottesville,VA,22902,Early Mountain Vineyards Virginia Chardonnay 2017,12/6/2019,12,12,1,,,
Wine Warehouse,off,1804 Hydraulic Rd,Charlottesville,Charlottesville,VA,22902,"Early Mountain Vineyards Virginia Red ""Foothills"" 2017",12/13/2019,24,24,2,,,
Wine Warehouse,off,1804 Hydraulic Rd,Charlottesville,Charlottesville,VA,22902,"Early Mountain Vineyards Virginia Red ""Foothills"" 2017",12/20/2019,24,24,2,,,
Wine Warehouse,off,1804 Hydraulic Rd,Tidewater,Charlottesville,VA,22902,"Early Mountain Vineyards Virginia Red ""Foothills"" 2018",3/11/2020,36,36,3,,,
Zap Wines & Spirits,off,105 Court Street,NY,Brooklyn,NY,11201,"Early Mountain Vineyards Virginia Red ""Foothills"" 2017",2/6/2020,48,48,4,,,
Zocalo,on,201 E Main St Suite E,Charlottesville,Charlottesville,VA,22902,Early Mountain Vineyards Virginia RosÃ© 2018,10/11/2019,36,36,3,,,
Zocalo,on,201 E Main St Suite E,Charlottesville,Charlottesville,VA,22902,Early Mountain Vineyards Virginia RosÃ© 2019,3/6/2020,12,12,1,,,
Zynodoa,on,115 E Beverly St,Valley / Western VA,Staunton,VA,24401,"Early Mountain Vineyards Virginia Red ""Eluvium"" 2016",12/4/2019,1,1,0.08,,,
Zynodoa,on,115 E Beverly St,valley/Western,Staunton,VA,24401,Early Mountain Vineyards Virginia Petit Manseng 2018,2/12/2020,1,1,0.08,,,
Zynodoa,on,115 E Beverly St,valley/Western,Staunton,VA,24401,"Early Mountain Vineyards Virginia Red ""Eluvium"" 2017",2/12/2020,1,1,0.08,,,
